@article{graesser2004coh,
  title={Coh-Metrix: Analysis of text on cohesion and language},
  author={Graesser, Arthur C and McNamara, Danielle S and Louwerse, Max M and Cai, Zhiqiang},
  journal={Behavior research methods, instruments, \& computers},
  volume={36},
  number={2},
  pages={193--202},
  year={2004},
  publisher={Springer}
}

@inproceedings{lapata2005automatic,
  title={Automatic evaluation of text coherence: Models and representations},
  author={Lapata, Mirella and Barzilay, Regina},
  booktitle={Proc. of IJCAI},
  volume={5},
  pages={1085--1090},
  year={2005}
}

@inproceedings{pitler2008revisiting,
  title={Revisiting readability: A unified framework for predicting text quality},
  author={Pitler, Emily and Nenkova, Ani},
  booktitle={Proc. of EMNLP},
  pages={186--195},
  year={2008}

}

@inproceedings{lin2011automatically,
  title={Automatically evaluating text coherence using discourse relations},
  author={Lin, Ziheng and Ng, Hwee Tou and Kan, Min-Yen},
  booktitle={Proc. of  ACL},
  pages={997--1006},
  year={2011}

}

@article{li2016neural,
  title={Neural net models for open-domain discourse coherence},
  author={Li, Jiwei and Jurafsky, Dan},
  journal={arXiv preprint arXiv:1606.01545},
  year={2016}
}

@inproceedings{kiddon2016globally,
  title={Globally coherent text generation with neural checklist models},
  author={Kiddon, Chlo{\'e} and Zettlemoyer, Luke and Choi, Yejin},
  booktitle={Proc. of EMNLP },
  pages={329--339},
  year={2016}
}

@article{ji2016latent,
  title={A latent variable recurrent neural network for discourse relation language models},
  author={Ji, Yangfeng and Haffari, Gholamreza and Eisenstein, Jacob},
  journal={arXiv preprint arXiv:1603.01913},
  year={2016}
}

@inproceedings{guo2018long,
  title={Long text generation via adversarial training with leaked information},
  author={Guo, Jiaxian and Lu, Sidi and Cai, Han and Zhang, Weinan and Yu, Yong and Wang, Jun},
  booktitle={Proc. of AAAI},
  year={2018}
}

@inproceedings{kiros2015skip,
  title={Skip-thought vectors},
  author={Kiros, Ryan and Zhu, Yukun and Salakhutdinov, Ruslan R and Zemel, Richard and Urtasun, Raquel and Torralba, Antonio and Fidler, Sanja},
  booktitle={Advances in neural information processing systems},
  pages={3294--3302},
  year={2015}
}


@article{hill2016learning,
  title={Learning distributed representations of sentences from unlabelled data},
  author={Hill, Felix and Cho, Kyunghyun and Korhonen, Anna},
  journal={arXiv preprint arXiv:1602.03483},
  year={2016}
}

@article{gan2016unsupervised,
  title={Unsupervised learning of sentence representations using convolutional neural networks},
  author={Gan, Zhe and Pu, Yunchen and Henao, Ricardo and Li, Chunyuan and He, Xiaodong and Carin, Lawrence},
  journal={arXiv preprint arXiv:1611.07897},
  year={2016}
}

@article{ramachandran2016unsupervised,
  title={Unsupervised pretraining for sequence to sequence learning},
  author={Ramachandran, Prajit and Liu, Peter J and Le, Quoc V},
  journal={arXiv preprint arXiv:1611.02683},
  year={2016}
}

@article{jernite2017discourse,
  title={Discourse-based objectives for fast unsupervised sentence representation learning},
  author={Jernite, Yacine and Bowman, Samuel R and Sontag, David},
  journal={arXiv preprint arXiv:1705.00557},
  year={2017}
}

