@inproceedings{Yang+al:19a,
  author    = {Zhilin Yang and
               Zihang Dai and
               Yiming Yang and
               Jaime G. Carbonell and
               Ruslan Salakhutdinov and
               Quoc V. Le},
  title     = {XLNet: Generalized Autoregressive Pretraining for Language Understanding},
  booktitle = {Proceedings of NeurIPS},
  pages     = {5754--5764},
  year      = {2019}
}


@Article{Boneh:99a,
  author = 	 {Dan Boneh},
  title = 	 {Twenty years of attacks on the RSA cryptosystem},
  journal = 	 {Notices of the American Mathematical Society (AMS)},
  year = 	 {1999},
  volume = 	 {46},
  number = 	 {2},
  pages = 	 {203--213}
}

@inproceedings{Dong+al:19a,
  author    = {Yinpeng Dong and
               Hang Su and
               Baoyuan Wu and
               Zhifeng Li and
               Wei Liu and
               Tong Zhang and
               Jun Zhu},
  title     = {Efficient Decision-Based Black-Box Adversarial Attacks on Face Recognition},
  booktitle = {Proceedings of CVPR},
  pages     = {7714--7722},
  year      = {2019}
}

@article{Tennenholtz+Kurland:19a,
  author    = {Moshe Tennenholtz and
               Oren Kurland},
  title     = {Rethinking search engines and recommendation systems: a game theoretic
               perspective},
  journal   = {Commun. {ACM}},
  volume    = {62},
  number    = {12},
  pages     = {66--75},
  year      = {2019}
}

@TechReport{Radford+al:18a,
  author = 	 {Alec Radford and Karthik Narasimhan and Tim Salimans and Ilya Sutskever},
  title = 	 {Improving language
understanding by generative pre-training},
  institution =  {OpenAI},
  year = 	 {2018}
}


@inproceedings{Zellers+al:19a,
  author    = {Rowan Zellers and
               Ari Holtzman and
               Hannah Rashkin and
               Yonatan Bisk and
               Ali Farhadi and
               Franziska Roesner and
               Yejin Choi},
  title     = {Defending Against Neural Fake News},
  booktitle = {Proceedings of NeurIPS},
  pages     = {9051--9062},
  year      = {2019}
}

@article{Mitra+al:18a,
  author    = {Bhaskar Mitra and
               Nick Craswell},
  title     = {An Introduction to Neural Information Retrieval},
  journal   = {Foundations and Trends in Information Retrieval},
  volume    = {13},
  number    = {1},
  pages     = {1--126},
  year      = {2018}
}

@article{Delvin+al:18a,
  author    = {Jacob Devlin and
               Ming{-}Wei Chang and
               Kenton Lee and
               Kristina Toutanova},
  title     = {{BERT:} Pre-training of Deep Bidirectional Transformers for Language
               Understanding},
  journal   = {CoRR},
  volume    = {abs/1810.04805},
  year      = {2018}
}

@inproceedings{Jia+al:19a,
  author    = {Robin Jia and
               Aditi Raghunathan and
               Kerem G{\"{o}}ksel and
               Percy Liang},
  title     = {Certified Robustness to Adversarial Word Substitutions},
  booktitle = {Proceedings of {EMNLP-IJCNLP}},
  pages     = {4127--4140},
  year      = {2019}
}

@article{He+al:17a,
  author    = {Warren He and
               James Wei and
               Xinyun Chen and
               Nicholas Carlini and
               Dawn Song},
  title     = {Adversarial Example Defenses: Ensembles of Weak Defenses are not Strong},
  journal   = {CoRR},
  volume    = {abs/1706.04701},
  year      = {2017}
}



@inproceedings{Xie+al:17a,
  author    = {Cihang Xie and
               Jianyu Wang and
               Zhishuai Zhang and
               Yuyin Zhou and
               Lingxi Xie and
               Alan L. Yuille},
  title     = {Adversarial Examples for Semantic Segmentation and Object Detection},
  booktitle = {Proceedings of {ICCV} 2017},
  pages     = {1378--1387},
  year      = {2017}
}

@inproceedings{Jia+Liang:17a,
  author    = {Robin Jia and
               Percy Liang},
  title     = {Adversarial Examples for Evaluating Reading Comprehension Systems},
  booktitle = {Proceedings of EMNLP},
  pages     = {2021--2031},
  year      = {2017}
}

@inproceedings{Zhang+al:19a,
  author    = {Hongyang Zhang and
               Yaodong Yu and
               Jiantao Jiao and
               Eric P. Xing and
               Laurent El Ghaoui and
               Michael I. Jordan},
  title     = {Theoretically Principled Trade-off between Robustness and Accuracy},
  booktitle = {Proceedings of {ICML}},
  pages     = {7472--7482},
  year      = {2019}
}

@inproceedings{Izsak+al:14a,
  author    = {Peter Izsak and
               Fiana Raiber and
               Oren Kurland and
               Moshe Tennenholtz},
  title     = {The search duel: a response to a strong ranker},
  booktitle = {Proceedings of SIGIR},
  pages     = {919--922},
  year      = {2014}
}

@inproceedings{Kreuk+al:18a,
  author    = {Felix Kreuk and
               Yossi Adi and
               Moustapha Ciss{\'{e}} and
               Joseph Keshet},
  title     = {Fooling End-To-End Speaker Verification With Adversarial Examples},
  booktitle = {Proceedings of {ICASSP}},
  pages     = {1962--1966},
  year      = {2018}
}

@inproceedings{Altman+al:06a,
  author    = {Alon Altman and
               Avivit Bercovici{-}Boden and
               Moshe Tennenholtz},
  title     = {Learning in One-Shot Strategic Form Games},
  booktitle = {Proceedings of ECML},
  pages     = {6--17},
  year      = {2006}}



@inproceedings{Plonski+al:17a,
  author    = {Ori Plonsky and
               Ido Erev and
               Tamir Hazan and
               Moshe Tennenholtz},
  title     = {Psychological Forest: Predicting Human Behavior},
  booktitle = {Proceedings of {AAAI}},
  pages     = {656--662},
  year      = {2017}}

@book{Rosenfeld+Kraus:18a,
  author    = {Ariel Rosenfeld and
               Sarit Kraus},
  title     = {Predicting Human Decision-Making: From Prediction to Action},
  series    = {Synthesis Lectures on Artificial Intelligence and Machine Learning},
  publisher = {Morgan {\&} Claypool Publishers},
  year      = {2018}
  }

@article{Prada+Paiva:09a,
  author    = {Rui Prada and
               Ana Paiva},
  title     = {Teaming up humans with autonomous synthetic characters},
  journal   = {Artificial Intelligence},
  volume    = {173},
  number    = {1},
  pages     = {80--103},
  year      = {2009}
}

@inproceedings{Melo+al:14a,
  author    = {Celso M. de Melo and
               Jonathan Gratch and
               Peter J. Carnevale},
  title     = {The Importance of Cognition and Affect for Artificially Intelligent
               Decision Makers},
  booktitle = {Proceedings of  {AAAI}},
  pages     = {336--342},
  year      = {2014}
}

@inproceedings{Azaria+al:12a,
  author    = {Amos Azaria and
               Zinovi Rabinovich and
               Sarit Kraus and
               Claudia V. Goldman and
               Omer Tsimhoni},
  title     = {Giving advice to people in path selection problems},
  booktitle = {Proceedings of
               {AAMAS}},
  pages     = {459--466},
  year      = {2012}
}

@article{Azaria+al:16a,
  author    = {Amos Azaria and
               Ya'akov Gal and
               Sarit Kraus and
               Claudia V. Goldman},
  title     = {Strategic advice provision in repeated human-agent interactions},
  journal   = {Autonomous Agents and Multi-Agent Systems},
  volume    = {30},
  number    = {1},
  pages     = {4--29},
  year      = {2016}
}
@inproceedings{Peled+al:13a,
  author    = {Noam Peled and
               Ya'akov (Kobi) Gal and
               Sarit Kraus},
  title     = {An Agent Design for Repeated Negotiation and Information Revelation
               with People},
  booktitle = {Proceedings of {AAAI}},
  year      = {2013}
  }

@inproceedings{Huang+al:17a,
  author    = {Sandy Huang and
               Nicolas Papernot and
               Ian J. Goodfellow and
               Yan Duan and
               Pieter Abbeel},
  title     = {Adversarial Attacks on Neural Network Policies},
  booktitle = {Proceedings of {ICLR}},
  year      = {2017},
}

@inproceedings{Papernot+al:17a,
  author    = {Nicolas Papernot and
               Patrick D. McDaniel and
               Ian J. Goodfellow and
               Somesh Jha and
               Z. Berkay Celik and
               Ananthram Swami},
  title     = {Practical Black-Box Attacks against Machine Learning},
  booktitle = {Proceedings of AsiaCCS},
  pages     = {506--519},
  year      = {2017}
 }


@article{Mikolov+al:13a,
  added-at = {2013-10-23T23:02:12.000+0200},
  author = {Mikolov, Tomas and Chen, Kai and Corrado, Greg and Dean, Jeffrey},
  journal = {CoRR},
  keywords = {nlp},
  title = {Efficient Estimation of Word Representations in Vector Space},
  volume = {abs/1301.3781},
  year = 2013
}


@inproceedings{Tombros+Sanderson:98a,
  author    = {Anastasios Tombros and
               Mark Sanderson},
  title     = {Advantages of Query Biased Summaries in Information Retrieval},
  booktitle = {Proceedings of SIGIR},
  pages     = {2--10},
  year      = {1998}
}

@inproceedings{Berger+Mittal:00a,
  author    = {Adam L. Berger and
               Vibhu O. Mittal},
  title     = {Query-Relevant Summarization using FAQs},
  booktitle = {Proceedings of ACL},
  year      = {2000}
}


@article{Androutsopoulos+Malakasiotis:10a,
  author    = {Ion Androutsopoulos and
               Prodromos Malakasiotis},
  title     = {A Survey of Paraphrasing and Textual Entailment Methods},
  journal   = {Journal of Artificial Intelligence Research},
  volume    = {38},
  pages     = {135--187},
  year      = {2010}
}

@inproceedings{Diaz+al:16a,
  author    = {Fernando Diaz and
               Bhaskar Mitra and
               Nick Craswell},
  title     = {Query Expansion with Locally-Trained Word Embeddings},
  booktitle = {Proceedings of ACL},
  year      = {2016}
}

@inproceedings{Goren+al:18a,
  author    = {Gregory Goren and
               Oren Kurland and
               Moshe Tennenholtz and
               Fiana Raiber},
  title     = {Ranking Robustness Under Adversarial Document Manipulations},
  booktitle = {Proceedings of SIGIR},
  pages     = {395--404},
  year      = {2018}
}


@inproceedings{Dong+al:10a,
  author    = {Anlei Dong and
               Ruiqiang Zhang and
               Pranam Kolari and
               Jing Bai and
               Fernando Diaz and
               Yi Chang and
               Zhaohui Zheng and
               Hongyuan Zha},
  title     = {Time is of the essence: improving recency ranking using Twitter data},
  booktitle = {Proceedings of WWW},
  pages     = {331--340},
  year      = {2010}
}


@inproceedings{Dong+al:10b,
  author    = {Anlei Dong and
               Yi Chang and
               Zhaohui Zheng and
               Gilad Mishne and
               Jing Bai and
               Ruiqiang Zhang and
               Karolina Buchner and
               Ciya Liao and
               Fernando Diaz},
  title     = {Towards recency ranking in web search},
  booktitle = {Proc. of WSDM},
  pages     = {11--20},
  year      = {2010}
}

@inproceedings{Dai+al:11a,
  author    = {Na Dai and
               Milad Shokouhi and
               Brian D. Davison},
  title     = {Learning to rank for freshness and relevance},
  booktitle = {Proceedings of {SIGIR}},
  pages     = {95--104},
  year      = {2011}
}

@inproceedings{Barzilay+Lee:03a,
  author    = {Regina Barzilay and
               Lillian Lee},
  title     = {Learning to Paraphrase: An Unsupervised Approach Using Multiple-Sequence
               Alignment},
  booktitle = {Proceedings of {HLT-NAACL}},
  year      = {2003}
}

@Misc{google,
  key = 	 {Google},
  author = 	 {Google},
  title = 	 {Search Engine Optimization (SEO) Starter Guide},
  
}



@article{Zhai:16a,
  author    = {ChengXiang Zhai},
  title     = {Towards a game-theoretic framework for text data retrieval},
  journal   = {{IEEE} Data Eng. Bull.},
  volume    = {39},
  number    = {3},
  pages     = {51--62},
  year      = {2016}
}


@inproceedings{Craswell+al:08a,
  author    = {Nick Craswell and
               Onno Zoeter and
               Michael J. Taylor and
               Bill Ramsey},
  title     = {An experimental comparison of click position-bias models},
  booktitle = {Proceedings of WSDM},
  pages     = {87--94},
  year      = {2008}
}

@inproceedings{Raiber+Kurland:10a,
  author    = {Fiana Raiber and
               Oren Kurland},
  title     = {On identifying representative relevant documents},
  booktitle = {Proceedings of the 19th {ACM} Conference on Information and Knowledge
               Management, {CIKM} 2010, Toronto, Ontario, Canada, October 26-30,
               2010},
  pages     = {99--108},
  year      = {2010}
}

@book{White:16a,
  author    = {Ryen W. White},
  title     = {Interactions with Search Systems},
  publisher = {Cambridge University Press},
  year      = {2016}
}

@article{Banerjee,
  author    = {Banerjee},
  title     = {A simple model of herd behavior},
  journal   = {The Quarterly Journal of Economics},
  volume    = {107},
    year      = {1992},
  pages     = {797--817}}

@article{SmithSorensen,
  author    = {L. Smith and P. Sorensen},
  title     = {Pathalogical outcomes of observational learning},
  journal   = {Econometrica},
  volume    = {68},
    year      = {2000},
  pages     = {371--398}}
	
	@article{Bikhchandani,
  author    = {S. Bikhchandani and D. Hirshleifer and I. Welch },
  title     = {A theory of fads, fashion, custom and cultural change as information cascade},
  journal   = {The Journal of Political Economy},
  volume    = {100},
    year      = {1992},
  pages     = {992--1026}}

  @inproceedings{Ben-PoratT18,
  author    = {Omer Ben{-}Porat and
               Moshe Tennenholtz},
  title     = {A Game-Theoretic Approach to Recommendation Systems with Strategic
               Content Providers},
  booktitle = {Advances in Neural Information Processing Systems 31: Annual Conference
               on Neural Information Processing Systems 2018, NeurIPS 2018, 3-8 December
               2018, Montr{\'{e}}al, Canada.},
  pages     = {1118--1128},
  year      = {2018}}



@article{Basat+al:17a,
  author    = {Ran Ben{-}Basat and
               Moshe Tennenholtz and
               Oren Kurland},
  title     = {A Game Theoretic Analysis of the Adversarial Retrieval Setting},
  journal   = {J. Artif. Intell. Res.},
  volume    = {60},
  pages     = {1127--1164},
  year      = {2017}
}

@article{Mitra+Craswell:18a,
  author    = {Bhaskar Mitra and
               Nick Craswell},
  title     = {An Introduction to Neural Information Retrieval},
  journal   = {Foundations and Trends in Information Retrieval},
  volume    = {13},
  number    = {1},
  pages     = {1--126},
  year      = {2018}
}

@inproceedings{Singh+al:18a,
  author    = {Ashudeep Singh and
               Thorsten Joachims},
  title     = {Fairness of Exposure in Rankings},
  booktitle = {Proceedings of SIGKDD},
  pages     = {2219--2228},
  year      = {2018}
}

@inproceedings{Zehlike+al:17a,
  author    = {Meike Zehlike and
               Francesco Bonchi and
               Carlos Castillo and
               Sara Hajian and
               Mohamed Megahed and
               Ricardo A. Baeza{-}Yates},
  title     = {FA*IR: {A} Fair Top-k Ranking Algorithm},
  booktitle = {Proceedings of CIKM},
  pages     = {1569--1578},
  year      = {2017}
}


@inproceedings{Yang+Stoyanovich:17a,
  author    = {Ke Yang and
               Julia Stoyanovich},
  title     = {Measuring Fairness in Ranked Outputs},
  booktitle = {Proceedings of the 29th International Conference on Scientific and
               Statistical Database Management, Chicago, IL, USA, June 27-29, 2017},
  pages     = {22:1--22:6},
  year      = {2017}
}


@inproceedings{Biega+al:18a,
  author    = {Asia J. Biega and
               Krishna P. Gummadi and
               Gerhard Weikum},
  title     = {Equity of Attention: Amortizing Individual Fairness in Rankings},
  booktitle = {Proceedings of SIGIR},
  pages     = {405--414},
  year      = {2018}
}

@Article{yomtov+al:16a,
author="Yom-Tov, Elad and Muennig, Peter and El-Sayed, Abdulrahman M",
title="Web-Based Antismoking Advertising to Promote Smoking Cessation: A Randomized Controlled Trial",
journal="J Med Internet Res",
year="2016",
month="Nov",
day="21",
volume="18",
number="11",
pages="e306",
}


@inproceedings{Radinski+al:13a,
  author    = {Kira Radinsky and
               Fernando Diaz and
               Susan T. Dumais and
               Milad Shokouhi and
               Anlei Dong and
               Yi Chang},
  title     = {Temporal web dynamics and its application to information retrieval},
  booktitle = {Proceedings of WSDM},
  pages     = {781--782},
  year      = {2013}
}


@Article{yomtov+al:18a,
author="Yom-Tov, Elad
and Brunstein-Klomek, Anat
and Mandel, Or
and Hadas, Arie
and Fennig, Silvana",
title="Inducing Behavioral Change in Seekers of Pro-Anorexia Content Using Internet Advertisements: Randomized Controlled Trial",
journal="JMIR Ment Health",
year="2018",
month="Feb",
day="22",
volume="5",
number="1",
pages="e6",
}



@inproceedings{Acio+al:16a,
  author    = {A{\'{e}}cio S. R. Santos and
               Bruno Pasini and
               Juliana Freire},
  title     = {A First Study on Temporal Dynamics of Topics on the Web},
  booktitle = {Proceedings of WWW},
  pages     = {849--854},
  year      = {2016}
}


@inproceedings{Dincer+al:14a,
  author    = {Bekir Taner Din{\c{c}}er and
               Craig Macdonald and
               Iadh Ounis},
  title     = {Hypothesis testing for the risk-sensitive evaluation of retrieval
               systems},
  booktitle = {Proc. of SIGIR},
  pages     = {23--32},
  year      = {2014}
}

@inproceedings{Wang+al:12a,
  author    = {Lidan Wang and
               Paul N. Bennett and
               Kevyn Collins{-}Thompson},
  title     = {Robust ranking models via risk-sensitive optimization},
  booktitle = {Proc. of SIGIR},
  pages     = {761--770},
  year      = {2012}
}

@inproceedings{Globerson+Roweis:06a,
  author    = {Amir Globerson and
               Sam T. Roweis},
  title     = {Nightmare at test time: robust learning by feature deletion},
  booktitle = {Proc. of ICML},
  pages     = {353--360},
  year      = {2006}
}

@inproceedings{Lowd+Meek:05a,
 author = {Lowd, Daniel and Meek, Christopher},
 title = {Adversarial Learning},
 booktitle = {Proc. of SIGKDD},
 year = {2005},
 pages = {641--647}
} 

@Proceedings{AIRWeb,
	title = 	 {AIRWeb --- International Workshop on Adversarial Information
	Retrieval on the Web},
	year = 	 {2005--2009},
}

@Article{Shieh:98a,
  author = 	 {Grace S.Shieh},
  title = 	 {A weighted Kendall's tau statistic},
  journal = 	 {Statistics \& Probability Letters},
  year = 	 {1998},
  volume = 	 {39},
  number = 	 {1}
}

@inproceedings{Pana:13a,
  author    = {Constantinos Panagiotakopoulos and
               Petroula Tsampouka},
  title     = {The Stochastic Gradient Descent for the Primal {L1-SVM} Optimization
               Revisited},
  booktitle = {Proc. of {ECML} {PKDD}},
  pages     = {65--80},
  year      = {2013}
}

@article{Webber:2010,
 author = {Webber, William and Moffat, Alistair and Zobel, Justin},
 title = {A Similarity Measure for Indefinite Rankings},
 journal = {ACM Transactions on Information Systems},
 volume = {28},
 number = {4},
 year = {2010},
 pages = {20:1--20:38}
} 

@inproceedings{Raifer+al:17a,
  author    = {Nimrod Raifer and
               Fiana Raiber and
               Moshe Tennenholtz and
               Oren Kurland},
  title     = {Information Retrieval Meets Game Theory: The Ranking Competition Between
               Documents' Authors},
  booktitle = {Proceedings of SIGIR},
  pages     = {465--474},
  year      = {2017}
}

@InProceedings{Szegedy+al:14a,
  author    = {Christian Szegedy and
               Wojciech Zaremba and
               Ilya Sutskever and
               Joan Bruna and
               Dumitru Erhan and
               Ian J. Goodfellow and
               Rob Fergus},
  title = 	 {Intriguing properties of neural networks},
  booktitle = {Proc. of ICLR},
  year = 	 {2014},
}

@InProceedings{Goodfellow+al:15a,
  author    = {Ian J. Goodfellow and Jonathon Shlens and Christian Szegedy},
  title = 	 {Explaining and Harnessing Adversarial Examples},
  booktitle = {Proc. of ICLR},
  year = 	 {2015}
}

@article{Wang+al:17a,
  author    = {Yizhen Wang and
               Somesh Jha and
               Kamalika Chaudhuri},
  title     = {Analyzing the Robustness of Nearest Neighbors to Adversarial Examples},
  journal   = {CoRR},
  volume    = {abs/1706.03922},
  year      = {2017}
}


@inproceedings{Fawzi+al:16a,
  author    = {Alhussein Fawzi and
               Seyed{-}Mohsen Moosavi{-}Dezfooli and
               Pascal Frossard},
  title     = {Robustness of classifiers: from adversarial to random noise},
  booktitle = {Proc. of NIPS},
  pages     = {1624--1632},
  year      = {2016}
}

@article{Fawzi+al:17a,
  author    = {Alhussein Fawzi and
               Seyed{-}Mohsen Moosavi{-}Dezfooli and
               Pascal Frossard},
  title     = {The Robustness of Deep Networks: {A} Geometrical Perspective},
  journal   = {{IEEE} Signal Processing Magazine},
  volume    = {34},
  number    = {6},
  pages     = {50--62},
  year      = {2017}
}

@article{Fawzi+al:15a,
  author    = {Alhussein Fawzi and
               Omar Fawzi and
               Pascal Frossard},
  title     = {Analysis of classifiers' robustness to adversarial perturbations},
  journal   = {CoRR},
  volume    = {abs/1502.02590},
  year      = {2015}
}

@article{Tanay+Griffin:16a,
  author    = {Thomas Tanay and
               Lewis D. Griffin},
  title     = {A Boundary Tilting Persepective on the Phenomenon of Adversarial Examples},
  journal   = {CoRR},
  volume    = {abs/1608.07690},
  year      = {2016},
  archivePrefix = {arXiv}
 }

@Article{Eliaz+Spiegler:16a,
  author = 	 {Kfir Eliaz and Ran Spiegler},
  title = 	 {Search design and broad matching},
  journal = 	 {American Economic Review},
  year = 	 {2016},
  volume = 	 {106},
  number = 	 {3},
  pages = 	 {563--586}
}


@Article{Eliaz+Spiegler:11a,
  author = 	 {Kfir Eliaz and Ran Spiegler},
  title = 	 {A simple model of search engine pricing},
  journal = 	 {The Economic Journal},
  year = 	 {2011},
  volume = 	 {121},
  number = 	 {556},
  pages = 	 {F329--F339}
}

@inproceedings{Jones+al:09a,
  author    = {Timothy Jones and
               Ramesh S. Sankaranarayana and
               David Hawking and
               Nick Craswell},
  title     = {Nullification test collections for web spam and {SEO}},
  booktitle = {Proceedings of AIRWeb},
  pages     = {53--60},
  year      = {2009}
}

@article{Santos+al:15a,
  author    = {Rodrygo L. T. Santos and
               Craig MacDonald and
               Iadh Ounis},
  title     = {Search Result Diversification},
  journal   = {Foundations and Trends in Information Retrieval},
  volume    = {9},
  number    = {1},
  pages     = {1--90},
  year      = {2015}
}

@inproceedings{Zuccon+Azzopardi:10a,
  author    = {Guido Zuccon and
               Leif Azzopardi},
  title     = {Using the Quantum Probability Ranking Principle to Rank Interdependent
               Documents},
  booktitle = {Proceedings of ECIR},
  pages     = {357--369},
  year      = {2010}
}

@inproceedings{Basat+Kravi:16a,
  author    = {Ran Ben{-}Basat and
               Elad Kravi},
  title     = {The ranking game},
  booktitle = {Proceedings of the 19th International Workshop on Web and Databases},
  pages     = {7},
  year      = {2016}
}

@inproceedings{Fetterly+al:05a,
  author    = {Dennis Fetterly and
               Mark Manasse and
               Marc Najork},
  title     = {Detecting phrase-level duplication on the world wide web},
  booktitle = {Proceedings of SIGIR},
  pages     = {170--177},
  year      = {2005}
}

@article{scikit-learn,
 author    = {Fabian Pedregosa and
               Ga{\"{e}}l Varoquaux and
               Alexandre Gramfort and
               Vincent Michel and
               Bertrand Thirion and
               Olivier Grisel and
               Mathieu Blondel and
               Peter Prettenhofer and
               Ron Weiss and
               Vincent Dubourg and
               Jake VanderPlas and
               Alexandre Passos and
               David Cournapeau and
               Matthieu Brucher and
               Matthieu Perrot and
               Edouard Duchesnay},
  title     = {Scikit-learn: Machine Learning in Python},
  journal   = {Journal of Machine Learning Research},
  volume    = {12},
  pages     = {2825--2830},
  year      = {2011},
}

@book{AumannMaschler,
author={R. Aumann and M. Maschler},
title={Repeated Games with Incomplete Information},
publisher={MIT Press},
year={1995}}

@inproceedings{Hyafil+Boutilier:04a, 
author = {Nathanael Hyafil and
Craig Boutilier},
title = {Regret Minimizing Equilibria and Mechanisms for Games with Strict
Type Uncertainty},
booktitle = {Proceedings of UAI},
pages = {268--277},
year = {2004}
}



@article{Fuhr:08a,
  author    = {Norbert Fuhr},
  title     = {A probability ranking principle for interactive information retrieval},
  journal   = {Information Retrieval},
  volume    = {11},
  number    = {3},
  pages     = {251--265},
  year      = {2008}
}

@inproceedings{Zhang+Zhai:15a,
  author    = {Yinan Zhang and
               Chengxiang Zhai},
  title     = {Information Retrieval as Card Playing: {A} Formal Model for Optimizing
               Interactive Retrieval Interface},
  booktitle = {Proceedings of {SIGIR}},
  pages     = {685--694},
  year      = {2015}
}

@article{elYaniv:10a,
  author    = {Ran El{-}Yaniv and
               Mordechai Nisenson},
  title     = {On the Foundations of Adversarial Single-Class Classification},
  journal   = {CoRR},
  year      = {2010}
}

@inproceedings{Wang+al:15a,
  author    = {Hong Wang and
               Wei Xing and
               Kaiser Asif and
               Brian D. Ziebart},
  title     = {Adversarial Prediction Games for Multivariate Losses},
  booktitle = {Proceedings of NIPS},
  pages     = {2728--2736},
  year      = {2015}
}

@inproceedings{Aecio+al:16a,
  author    = {A{\'{e}}cio S. R. Santos and
               Bruno Pasini and
               Juliana Freire},
  title     = {A First Study on Temporal Dynamics of Topics on the Web},
  booktitle = {Proceedings of WWW},
  pages     = {849--854},
  year      = {2016}
}

@inproceedings{Radinsky+Bennett:13a,
  author    = {Kira Radinsky and
               Paul N. Bennett},
  title     = {Predicting content change on the web},
  booktitle = {Proceedings of WSDM},
  pages     = {415--424},
  year      = {2013}
}

@book{Yang+al:16a,
  author    = {Grace Hui Yang and
               Marc Sloan and
               Jun Wang},
  title     = {Dynamic Information Retrieval Modeling},
  booktitle = {Dynamic Information Retrieval Modeling},
  series    = {Synthesis Lectures on Information Concepts, Retrieval, and Services},
  publisher = {Morgan {\&} Claypool Publishers},
  year      = {2016},
}

@inproceedings{Sloan+Wang:12a,
  author    = {Marc Sloan and
               Jun Wang},
  title     = {Dynamical information retrieval modelling: a portfolio-armed bandit
               machine approach},
  booktitle = {Proceedings WWW},
  pages     = {603--604},
  year      = {2012}
}


@inproceedings{Basat+al:15a,
  author    = {Ran Ben{-}Basat and
               Moshe Tennenholtz and
               Oren Kurland},
  title     = {The Probability Ranking Principle is Not Optimal in Adversarial Retrieval
               Settings},
  booktitle = {Proceedings of ICTIR},
  pages     = {51--60},
  year      = {2015}
}

@Article{Castillo+Davison:10a,
  author    = {Carlos Castillo and
               Brian D. Davison},
  title     = {Adversarial Web Search},
  journal   = {Foundations and Trends in Information Retrieval},
  volume    = {4},
  number    = {5},
  pages     = {377--486},
  year      = {2010}
}



@inproceedings{Elsas+Dumais:10a,
  author    = {Jonathan L. Elsas and
               Susan T. Dumais},
  title     = {Leveraging temporal dynamics of document content in relevance ranking},
  booktitle = {Proceedings of WSDM},
  pages     = {1--10},
  year      = {2010},
}

@Misc{Kappa,
  author =	 {Justus J. Randolph},
  title =	 "Online Kappa Calculator (2008)",
  howpublished = {Retrieved February 6, 2016, http://justus.randolph.name/kappa},
}

@article{Wu+al:10a,
  author    = {Qiang Wu and
               Christopher J. C. Burges and
               Krysta Marie Svore and
               Jianfeng Gao},
  title     = {Adapting boosting for information retrieval measures},
  journal   = {Information Retrieval},
  volume    = {13},
  number    = {3},
  pages     = {254--270},
  year      = {2010},
}

@inproceedings{Roitman+al:14a,
  author    = {Haggai Roitman and
               Shay Hummel and
               Oren Kurland},
  title     = {Using the cross-entropy method to re-rank search results},
  booktitle = {Proceedings of SIGIR},
  pages     = {839--842},
  year      = {2014},
}


@inproceedings{Peng+Ounis:09a,
  author    = {Jie Peng and
               Iadh Ounis},
  title     = {Selective Application of Query-Independent Features in Web Information
               Retrieval},
  booktitle = {Proceedings of ECIR},
  pages     = {375--387},
  year      = {2009},
}


@inproceedings{Craswell+al:05a,
  author    = {Nick Craswell and
               Stephen E. Robertson and
               Hugo Zaragoza and
               Michael J. Taylor},
  title     = {Relevance weighting for query independent evidence},
  booktitle = {Proceedings of SIGIR},
  pages     = {416--423},
  year      = {2005},
}


@MastersThesis{Sondak:15a,
  author = 	 {Mor Sondak},
  title = 	 {Estimating query representativeness for query-performance prediction},
  school = 	 {Technion --- Israel Institute of Technology},
  year = 	 {2015},
}

@inproceedings{Raiber+al:15a,
  author    = {Fiana Raiber and
               Oren Kurland and
               Filip Radlinski and
               Milad Shokouhi},
  title     = {Learning Asymmetric Co-Relevance},
  booktitle = {Proceedings of {ICTIR}},
  pages     = {281--290},
  year      = {2015},
}

@inproceedings{Raiber+Kurland:14a,
  author    = {Fiana Raiber and
               Oren Kurland},
  title     = {Query-performance prediction: setting the expectations straight},
  booktitle = {Proceedings of {SIGIR}},
  pages     = {13--22},
  year      = {2014},
}

@inproceedings{Raiber+Kurland:14b,
  author    = {Fiana Raiber and
               Oren Kurland},
  title     = {The correlation between cluster hypothesis tests and the effectiveness
               of cluster-based retrieval},
  booktitle = {Proceedings of {SIGIR}},
  pages     = {1155--1158},
  year      = {2014},
}

@inproceedings{Raiber+Kurland:13c,
  author    = {Fiana Raiber and
               Oren Kurland},
  title     = {The Technion at {TREC} 2013 Web Track: Cluster-based Document Retrieval},
  booktitle = {Proceedings of {TREC}},
  year      = {2013},
}

@inproceedings{Collins-Thompson+al:13a,
  author    = {Kevyn Collins{-}Thompson and
               Paul N. Bennett and
               Fernando Diaz and
               Charlie Clarke and
               Ellen M. Voorhees},
  title     = {{TREC} 2013 Web Track Overview},
  booktitle = {Proceedings of {TREC}},
  year      = {2013},
}


@inproceedings{Wu+al:01,
  author    = {Zonghuan Wu and
               Weiyi Meng and
               Clement T. Yu and
               Zhuogang Li},
  title     = {Towards a highly-scalable and effective metasearch engine},
  booktitle = {Proceedings of WWW},
  pages     = {386--395},
  year      = {2001},
}

@article{Wan:07a,
  author    = {Xiaojun Wan},
  title     = {A novel document similarity measure based on earth mover's
               distance},
  journal   = {Information Sciences},
  volume    = {177},
  number    = {18},
  year      = {2007},
  pages     = {3718-3730}
}

@article{Wan:08a,
  author    = {Xiaojun Wan},
  title     = {Beyond topical similarity: a structural similarity measure
               for retrieving highly similar documents},
  journal   = {Knowledge and Information Systems},
  volume    = {15},
  number    = {1},
  year      = {2008},
  pages     = {55-73}
}

@inproceedings{Sondak+al:13a,
  author    = {Mor Sondak and
               Anna Shtok and
               Oren Kurland},
  title     = {Estimating query representativeness for query-performance prediction},
  booktitle = {Proceedings of SIGIR},
  pages     = {853--856},
  year      = {2013},
}

@article{Rada+al:89a,
  author    = {Roy Rada and
               Hafedh Mili and
               Ellen Bicknell and
               Maria Blettner},
  title     = {Development and application of a metric on semantic nets},
  journal   = {{IEEE} Transactions on Systems, Man, and Cybernetics},
  volume    = {19},
  number    = {1},
  pages     = {17--30},
  year      = {1989},
}

@inproceedings{Banerjee+Pedersen:03a,
  author    = {Satanjeev Banerjee and
               Ted Pedersen},
  title     = {Extended Gloss Overlaps as a Measure of Semantic Relatedness},
  booktitle = {Proceedings of IJCAI},
  pages     = {805--810},
  year      = {2003},
}

@article{Whissell+Clarke:11a,
  author    = {John S. Whissell and
               Charles L. A. Clarke},
  title     = {Improving document clustering using {O}kapi {BM25} feature weighting},
  journal   = {Information Retrieval},
  volume    = {14},
  number    = {5},
  year      = {2011},
  pages     = {466-487}
}

@inproceedings{Paliwal+Pudi:12a,
  author    = {Shashank Paliwal and
               Vikram Pudi},
  title     = {Investigating Usage of Text Segmentation and Inter-passage
               Similarities to Improve Text Document Clustering},
  booktitle = {Proceedings of MLDM},
  year      = {2012},
  pages     = {555-565}
}

@article{Na:13a,
  author    = {Seung-Hoon Na},
  title     = {Probabilistic co-relevance for query-sensitive similarity
               measurement in information retrieval},
  journal   = {Information Processing and Management},
  volume    = {49},
  number    = {2},
  year      = {2013},
  pages     = {558-575}
}

@article{Tombros+vanRijsbergen:04a,
  author    = {Anastasios Tombros and
               C. J. van Rijsbergen},
  title     = {Query-Sensitive Similarity Measures for Information Retrieval},
  journal   = {Knowledge and Information Systems},
  volume    = {6},
  number    = {5},
  year      = {2004},
  pages     = {617-642},
}

@inproceedings{Aslam+al:03a,
  author    = {Javed A. Aslam and
               Meredith Frost},
  title     = {An information-theoretic measure for document similarity},
  booktitle = {Proceedings of SIGIR},
  year      = {2003},
  pages     = {449-450}
}

@inproceedings{Whissell+Clarke:13a,
  author    = {John S. Whissell and
               Charles L. A. Clarke},
  title     = {Effective measures for inter-document similarity},
  booktitle = {Proceedings of CIKM},
  year      = {2013},
  pages     = {1361-1370}
}

@inproceedings{Lillis+al:10a,
 author = {David Lillis and 
 		Lusheng Zhang and 
		Fergus Toolan and 
		Rem W. Collier and 
		David Leonard and 
		John Dunnion},
 title = {Estimating Probabilities for Effective Data Fusion},
 booktitle = {Proceedings of SIGIR},
 year = {2010},
 pages = {347--354}
}

@book{Salton:89a,
  author    = {Gerard Salton},
  title     = {Automatic Text Processing: The Transformation, Analysis, and Retrieval
               of Information by Computer},
  publisher = {Addison-Wesley},
  year      = {1989},
}

@article{Bendersky+Kurland:10a,
  author    = {Michael Bendersky and
               Oren Kurland},
  title     = {Utilizing passage-based language models for ad hoc document retrieval},
  journal   = {Information Retrieval},
  volume    = {13},
  number    = {2},
  pages     = {157--187},
  year      = {2010}
}

@inproceedings{Ntoulas+al:06a,
  author    = {Alexandros Ntoulas and
               Marc Najork and
               Mark Manasse and
               Dennis Fetterly},
  title     = {Detecting spam web pages through content analysis},
  booktitle = {Proceedings of {WWW}},
  year      = {2006},
  pages     = {83--92},
}

@inproceedings{Smucker+Allan:09a,
  author    = {Mark D. Smucker and
               James Allan},
  title     = {A New Measure of the Cluster Hypothesis},
  booktitle = {Proceedings of ICTIR},
  year      = {2009},
  pages     = {281-288}
}

@inproceedings{Burges+al:05a,
  author    = {Christopher J. C. Burges and
               Tal Shaked and
               Erin Renshaw and
               Ari Lazier and
               Matt Deeds and
               Nicole Hamilton and
               Gregory N. Hullender},
  title     = {Learning to rank using gradient descent},
  booktitle = {Proceedings of ICML},
  pages     = {89--96},
  year      = {2005},
}

@article{Freund+al:03a,
  author    = {Yoav Freund and
               Raj D. Iyer and
               Robert E. Schapire and
               Yoram Singer},
  title     = {An Efficient Boosting Algorithm for Combining Preferences},
  journal   = {Journal of Machine Learning Research},
  volume    = {4},
  pages     = {933--969},
  year      = {2003},
}

@article{Friedman:01a,
  author    = {Jerome H. Friedman},
  title     = {Greedy function approximation: A gradient boosting machine},
  journal   = {The Annals of Statistics},
  volume    = {28},
  number = {5},
  year      = {2001},
  pages     = {1379-1389}
}

@inproceedings{Macdonald+al:12a,
  author    = {Craig Macdonald and
               Rodrygo L. T. Santos and
               Iadh Ounis},
  title     = {On the usefulness of query features for learning to rank},
  booktitle = {Proceedings of CIKM},
  year      = {2012},
  pages     = {2559-2562}
}

@inproceedings{Hauff+Azzopardi:09a,
  author    = {Claudia Hauff and
               Leif Azzopardi},
  title     = {When is query performance prediction effective?},
  booktitle = {Proceedings of SIGIR},
  year      = {2009},
  pages     = {829-830}
}

@inproceedings{Perez+Araujo:10a,
  author    = {Joaqu\'{\i}n P{\'e}rez-Iglesias and
               Lourdes Araujo},
  title     = {Standard Deviation as a Query Hardness Estimator},
  booktitle = {Proceedings of SPIRE},
  year      = {2010},
  pages     = {207-212}
}

@inproceedings{Raiber+al:12a,
  author    = {Fiana Raiber and
               Oren Kurland and
               Moshe Tennenholtz},
  title     = {Content-based relevance estimation on the web using inter-document
               similarities},
  booktitle = {Proceedings of CIKM},
  pages     = {1769--1773},
  year      = {2012}
}


@inproceedings{Raiber+Kurland:13a,
  author    = {Fiana Raiber and
               Oren Kurland},
  title     = {Using Document-Quality Measures to Predict Web-Search Effectiveness},
  booktitle = {Proceedings of ECIR},
  year      = {2013},
  pages     = {134-145}
}

@inproceedings{Kurland+al:11a,
  author    = {Oren Kurland and
               Anna Shtok and
               David Carmel and
               Shay Hummel},
  title     = {A Unified Framework for Post-Retrieval Query-Performance
               Prediction},
  booktitle = {Proceedings of ICTIR},
  year      = {2011},
  pages     = {15-26}
}

@inproceedings{Raiber+Kurland:13b,
  author    = {Fiana Raiber and
               Oren Kurland},
  title     = {Ranking document clusters using markov random fields},
  booktitle = {Proceedings of SIGIR},
  year      = {2013},
  pages     = {333-342}
}

@inproceedings{Kurland+al:12a,
  author    = {Oren Kurland and
               Anna Shtok and
               Shay Hummel and
               Fiana Raiber and
               David Carmel and
               Ofri Rom},
  title     = {Back to the roots: a probabilistic framework for query-performance
               prediction},
  booktitle = {Proceedings of CIKM},
  year      = {2012},
  pages     = {823-832}
}

@inproceedings{Balasubramanian+al:10a,
  author    = {Niranjan Balasubramanian and
               Giridhar Kumaran and
               Vitor R. Carvalho},
  title     = {Predicting query performance on the web},
  booktitle = {Proceedings of SIGIR},
  year      = {2010},
  pages     = {785-786}
}

@inproceedings{Tomlinson04,
author={Stephen Tomlinson},
title="{Robust, Web and Terabyte Retrieval with Hummingbird Search Server at {TREC} 2004}",
booktitle =	 "Proceedings of {TREC}", 
year={2004}

}
@inproceedings{Cummins+al:11a,
  author    = {Ronan Cummins and
               Joemon M. Jose and
               Colm O'Riordan},
  title     = {Improved query performance prediction using standard deviation},
  booktitle = {Proceedings of SIGIR},
  year      = {2011},
  pages     = {1089-1090}
}

@inproceedings{Thompson+Bennett:10a,
  author    = {Kevyn Collins-Thompson and
               Paul N. Bennett},
  title     = {Predicting Query Performance via Classification},
  booktitle = {Proceedings of ECIR},
  year      = {2010},
  pages     = {140-152}
}


@inproceedings{Bernstein+al:05a,
author={Y. Bernstein and B. Billerbeck and S. Garcia and N. Lester and F. Scholer and J. Zobel},
title = "{RMIT} University at TREC 2005: Terabyte and Robust Track",
booktitle = {Proceedings of {TREC}}, 
year = {2005}
}

@inproceedings{Cummins:11a,
  author    = {Ronan Cummins},
  title     = {Predicting Query Performance Directly from Score Distributions},
  booktitle = {Proceedings of AIRS},
  year      = {2011},
  pages     = {315-326}
}

@inproceedings{Hauff+al:08a,
  author    = {Claudia Hauff and
               Vanessa Murdock and
               Ricardo A. Baeza-Yates},
  title     = {Improved query difficulty prediction for the web},
  booktitle = {Proceedings of CIKM},
  year      = {2008},
  pages     = {439-448}
}

@inproceedings{Hauff+al:09a,
  author    = {Claudia Hauff and
               Leif Azzopardi and
               Djoerd Hiemstra},
  title     = {The Combination and Evaluation of Query Performance Prediction
               Methods},
  booktitle = {Proceedings of ECIR},
  year      = {2009},
  pages     = {301-312}
}

@inproceedings{Hauff+al:10a,
  author    = {Claudia Hauff and
               Diane Kelly and
               Leif Azzopardi},
  title     = {A comparison of user and system query performance predictions},
  booktitle = {Proceedings of CIKM},
  year      = {2010},
  pages     = {979-988}
}

@inproceedings{Hummel+al:12a,
  author    = {Shay Hummel and
               Anna Shtok and
               Fiana Raiber and
               Oren Kurland and
               David Carmel},
  title     = {Clarity re-visited},
  booktitle = {Proceedings of SIGIR},
  year      = {2012},
  pages     = {1039-1040}
}

@article{Shtok+al:12a,
  author    = {Anna Shtok and
               Oren Kurland and
               David Carmel and
               Fiana Raiber and
               Gad Markovits},
  title     = {Predicting Query Performance by Query-Drift Estimation},
  journal   = {ACM Transactions on Information Systems},
  volume    = {30},
  number    = {2},
  year      = {2012},
  pages     = {11}
}

@inproceedings{Zhao+al:08a,
  author    = {Ying Zhao and
               Falk Scholer and
               Yohannes Tsegay},
  title     = {Effective Pre-retrieval Query Performance Prediction Using
               Similarity and Variability Evidence},
  booktitle = {Proceedings of ECIR},
  year      = {2008},
  pages     = {52-64}
}

@InProceedings{Hauff+al:08b,
  author = 	 {Claudia Hauff and Djoerd Hiemstra and Franciska de Jong},
  title = 	 {A survey of pre-retrieval query performance predictors},
  booktitle =  {Proceedings of CIKM},
  pages = {1419-1420},
  year = 2008
}
 @inproceedings{Mothe+Tanguy:05a,
 author = {Josiane Mothe and Ludovic Tanguy},
 title = {Linguistic features to predict query difficulty},
 booktitle = {ACM SIGIR 2005 Workshop on Predicting Query Difficulty - Methods and Applications},
 year = {2005},
}

@article{Scholer+al:04a,
  author    = {Falk Scholer and
               Hugh E. Williams and
               Andrew Turpin},
  title     = {Query association surrogates for Web search},
  journal   = {JASIST},
  volume    = {55},
  number    = {7},
  year      = {2004},
  pages     = {637-650}
}

@inproceedings{He+Ounis:04a,
 author = {Ben He and Iadh Ounis},
 title = {Inferring Query Performance Using Pre-retrieval Predictors},
 booktitle = {Proceedings of SPIRE},
 pages = {43--54},
 year = {2004}
 }

@inproceedings{Scholer+Garcia:09a,
  author    = {Falk Scholer and
               Steven Garcia},
  title     = {A case for improved evaluation of query difficulty prediction},
  booktitle = {Proceedings of SIGIR},
  year      = {2009},
  pages     = {640-641}
}
@inproceedings{Balasubramanian:10a,
  author    = {Niranjan Balasubramanian and
               James Allan},
  title     = {Learning to select rankers},
  booktitle = {Proceedings of SIGIR},
  year      = {2010},
  pages     = {855-856}
}
@article{Shokouhi+Si:11a,
  author    = {Milad Shokouhi and
               Luo Si},
  title     = {Federated Search},
  journal   = {Foundations and Trends in Information Retrieval},
  volume    = {5},
  number    = {1},
  year      = {2011},
  pages     = {1-102}
}

@InCollection{Callan:00b,
  author = 	 {Jamie Callan},
  editor = 	 {W.B. Croft},
  booktitle = 	 {Advances in information retrieval},
  title = 	 {Distributed information retrieval},
  publisher = 	 {Kluwer Academic Publishers},
  year = 	 {2000},
  pages = {127-150},
  chapter = {5}
}



@inproceedings{Deselaers+al:09a,
  author    = {Thomas Deselaers and
               Tobias Gass and
               Philippe Dreuw and
               Hermann Ney},
  title     = {Jointly optimising relevance and diversity in image retrieval},
  booktitle = {Proceedings of CIVR},
  year      = {2009}
}

@inproceedings{Leelanupab+al:10a,
  author    = {Teerapong Leelanupab and
               Guido Zuccon and
               Joemon M. Jose},
  title     = {When two is better than one: A study of ranking paradigms
               and their integrations for subtopic retrieval},
  booktitle = {Proceedings of AIRS},
  year      = {2010},
  pages     = {162-172}
}

@article{Fuhr+al:12a,
  author    = {Norber Fuhr and Marc Lechtenfeld and Benno Stein and Tim Gollub},
  title     = {The optimum clustering framework: implementing the cluster hypothesis},
  journal   = {Information Retrieval Journal},
  volume    = {15},
  number = {2},
  year      = {2012},
  pages     = {93-115}
}




@Book{Metzler:11a,
  author = 	 {Donald Metzler},
  title = 	 {A feature-centric view of information retrieval},
  publisher = 	 {Springer},
  year = 	 {2011}
}

@inproceedings{Llorente+al:10a,
  author    = {Ainhoa Llorente and
               Raghavan Manmatha and
               Stefan M. R{\"u}ger},
  title     = {Image retrieval using Markov Random Fields and global image
               features},
  booktitle = {Proceedings of CIVR},
  year      = {2010},
  pages     = {243-250}
}

@inproceedings{Bendersky+al:11b,
  author    = {Michael Bendersky and
               Donald Metzler and
               W. Bruce Croft},
  title     = {Parameterized concept weighting in verbose queries},
  booktitle = {Proceedings of SIGIR},
  year      = {2011},
  pages     = {605-614}
}

@inproceedings{Lang+al:10a,
  author    = {Hao Lang and
               Donald Metzler and
               Bin Wang and
               Jin-Tao Li},
  title     = {Improved latent concept expansion using hierarchical markov
               random fields},
  booktitle = {Proceedings of CIKM},
  year      = {2010},
  pages     = {249-258}
}
@inproceedings{Metzler+Croft:07b,
  author    = {Donald Metzler and
               W. Bruce Croft},
  title     = {Latent concept expansion using markov random fields},
  booktitle = {Proceedings of SIGIR},
  year      = {2007},
  pages     = {311-318}
}

@article{Kurland+Krikon:11a,
  author    = {Oren Kurland and
               Eyal Krikon},
  title     = {The Opposite of Smoothing: A Language Model Approach to
               Ranking Query-Specific Document Clusters},
  journal   = {Journal of Artificial Intelligence Research},
  volume    = {41},
  year      = {2011},
  pages     = {367-395}
}

@book{Liu:11a,
  author    = {Tie-Yan Liu},
  title     = {Learning to Rank for Information Retrieval},
  publisher = {Springer},
  year      = {2011},
  isbn      = {978-3-642-14266-6},
  pages     = {I-XVII, 1-285}
}

@inproceedings{Joachims:06a,
  author    = {Thorsten Joachims},
  title     = {Training linear SVMs in linear time},
  booktitle = {Proc. of KDD},
  year      = {2006},
  pages     = {217-226}
}

@inproceedings{Kurland+al:12b,
  author    = {Oren Kurland and Fiana Raiber and Anna Shtok},
  title     = {Query-performance prediction and cluster ranking: Two sides of the same coin},
  booktitle = {Proceedings of CIKM},
  year      = {2012},
  pages     = {2459-2462}
}




@article{Cormack+al:11a,
  author    = {Gordon V. Cormack and
               Mark D. Smucker and
               Charles L. A. Clarke},
  title     = {Efficient and effective spam filtering and re-ranking for
               large web datasets},
  journal   = {Informaltiom Retrieval Journal},
  volume    = {14},
  number    = {5},
  year      = {2011},
  pages     = {441-465}
}

@inproceedings{Fetterly+al:04a,
  author    = {Dennis Fetterly and
               Mark Manasse and
               Marc Najork},
  title     = {Spam, Damn Spam, and Statistics: Using Statistical Analysis
               to Locate Spam Web Pages},
  booktitle = {Proceedings of WebDB},
  year      = {2004},
  pages     = {1-6}
}
@inproceedings{Bendersky+al:11a,
  author    = {Michael Bendersky and
               W. Bruce Croft and
               Yanlei Diao},
  title     = {Quality-biased ranking of {W}eb documents},
  booktitle = {Proceedings of WSDM},
  year      = {2011},
  pages     = {95-104}
}

@inproceedings{Sheldon+al:11a,
  author    = {Daniel Sheldon and
               Milad Shokouhi and
               Martin Szummer and
               Nick Craswell},
  title     = {LambdaMerge: merging the results of query reformulations},
  booktitle = {Proceedings of WSDM},
  year      = {2011},
  pages     = {795-804}
}

@article{Crestani+Wu:06a,
  author    = {Fabio Crestani and
               Shengli Wu},
  title     = {Testing the cluster hypothesis in distributed information
               retrieval},
  journal   = {Information Processing and Management},
  volume    = {42},
  number    = {5},
  year      = {2006},
  pages     = {1137-1150}
}

@Misc{anonymous,
  key = 	 {Final},
  title = 	 {Anonymized},
  OPThowpublished = {},
  OPTmonth = 	 {},
  OPTyear = 	 {},
  OPTnote = 	 {},
  OPTannote = 	 {}
}

@inproceedings{Tsikrika+Lalmas:01a,
  author    = {Theodora Tsikrika and
               Mounia Lalmas},
  title     = {Merging Techniques for Performing Data Fusion on the Web},
  booktitle = {Proceedings of CIKM},
  year      = {2001},
  pages     = {127-134}
}

@inproceedings{Lillis+al:06a,
  author    = {David Lillis and
               Fergus Toolan and
               Rem W. Collier and
               John Dunnion},
  title     = {ProbFuse: a probabilistic approach to data fusion},
  booktitle = {Proceedings of SIGIR},
  year      = {2006},
  pages     = {139-146}
}

@inproceedings{Shokouhi:07a,
  author    = {Milad Shokouhi},
  title     = {Segmentation of Search Engine Results for Effective Data-Fusion},
  booktitle = {Proceedings of ECIR},
  year      = {2007},
  pages     = {185-197}
}

@inproceedings{Vorhees+al:94a,
  author    = {Ellen M. Voorhees and
               Narendra Kumar Gupta and
               Ben Johnson-Laird},
  title     = {The Collection Fusion Problem},
  booktitle = {In Proceedings of {TREC}},
  year      = {1994}
}

@InProceedings{Aalbersberg:92a,
  author = 	 {I{J}sbrand {J}an Aalbersberg},
  title = 	 {Incremental Relevance Feedback},
  booktitle = 	 {Proceedings of SIGIR},
  pages =	 {11-22},
  year =	 1992
}

@inproceedings{Abernethy+al:08a,
  author    = {Jacob  and
               Olivier Chapelle and
               Carlos Castillo},
  title     = {Web spam identification through content and hyperlinks},
  booktitle = {Proceedings of AIRWeb 2008, Fourth International Workshop on Adversarial Information Retrieval on the Web},
  year      = {2008},
  pages     = {41-44},

}

@InProceedings{Allan:03a,
    author = {James Allan},
    title = {{HARD} track overview in {TREC} 2003: {High} accuracy retrieval from documents},
    booktitle =  {Proceedings of {TREC}},
    pages = {24--37},
    year = 2003,
   

}

@InProceedings{Allen+al:93a,
  author =       {R.B. Allen and P. Obry and M. Littman},
  title =        {An interface for navigating clustered document sets returned by queries},
  booktitle =    {Proceedings of Organizational Computing Systems},
  year =         1993,
  pages =        {166--171},
  note = {Poster}
}

@InProceedings{Allan+al:00a,
    author = "James Allan and Margaret E. Connell  and W. Bruce Croft  and  Fang-Fang  Feng and  David Fisher  and Xiaoyan Li",
    title = {{INQUERY} and {TREC}-9},
    booktitle =  {Proceedings of {TREC}},
    pages = {551--562},
    year = 2000,
    annote={Allan's webpage says pp 551--577, also says 2001, but there is a paper listed as starting on pg 563.  DBLP and UMass says the pub is 2000, also gives pp as 551-577.  The conference itself clearly happened in 2000, the question is when were the proceedings available}
}



@InProceedings{Allan:96a,
  author = 	 {James Allan},
  title = 	 {Incremental Relevance Feedback for Information Filtering},
  booktitle = 	 {Proceedings of SIGIR},
  pages =	 {270--278},
  year =	 1996
}

@InProceedings{Abdul-Jaleel+al:04a,
    author = {Nasreen Abdul-Jaleel and James Allan and W. Bruce Croft and Fernando Diaz and Leah Larkey and Xiaoyan Li and Marck D. Smucker and Courtney Wade},
    title = {{UMASS} at {TREC} 2004 --- Novelty and HARD},
    booktitle =  {Proceedings of {TREC}},
    year = 2004,
}


@Article{Ashoori+al:07a,
  author = 	 {Elham Ashoori and Mounia Lalmas and Theodora Tsikrika},
  title = 	 {Examining topic shifts in content-oriented {XML} retrieval},
  journal = 	 {International Journal on Digital Libraries},
  year = 	 2007,
  volume =	 8,
  number =	 1,
  pages =	 {39--60}
}

@inproceedings{Attenberg+Suel:08a,
  author    = {Josh Attenberg and
               Torsten Suel},
  title     = {Cleaning search results using term distance features},
  booktitle = {Proceedings of AIRWeb 2008, Fourth International Workshop on Adversarial Information Retrieval on the Web},
  year      = {2008},
  pages     = {21-24}
}


@inproceedings{Biro+al:08a,
  author    = {Istv{\'a}n B\'{\i}r{\'o} and
               J{\'a}cint Szab{\'o} and
               Andr{\'a}s A. Bencz{\'u}r},
  title     = {Latent dirichlet allocation in web spam filtering},
  booktitle = {Proceedings of AIRWeb 2008, Fourth International Workshop on Adversarial Information Retrieval on the Web},
  year      = {2008},
  pages     = {29-32}
}

@InProceedings{Buttcher+al:07a,
author    = {Stefan B{\"u}ttcher and
               Charles L. A. Clarke and
               Peter C. K. Yeung and
               Ian Soboroff},
  title     = {Reliable information retrieval evaluation with incomplete
               and biased judgements},
  booktitle = {SIGIR},
  year      = {2007},
  pages     = {63--70}
}

@inproceedings{Callan+al:95a,
  author    = {James P. Callan and
               Zhihong Lu and
               W. Bruce Croft},
  title     = {Searching Distributed Collections with Inference Networks},
  booktitle = {SIGIR},
  year      = {1995},
  pages     = {21-28}
}

@article{Castillo+al:06a,
  author    = {Carlos Castillo and
               Debora Donato and
               Luca Becchetti and
               Paolo Boldi and
               Stefano Leonardi and
               Massimo Santini and
               Sebastiano Vigna},
  title     = {A reference collection for web spam},
  journal   = {SIGIR Forum},
  volume    = {40},
  number    = {2},
  year      = {2006},
  pages     = {11-24}
}

@inproceedings{Castillo+al:07a,
  author    = {Carlos Castillo and
               Debora Donato and
               Aristides Gionis and
               Vanessa Murdock and
               Fabrizio Silvestri},
  title     = {Know your neighbors: web spam detection using the web topology},
  booktitle = {Proceedings of SIGIR},
  year      = {2007},
  pages     = {423-430}
}

@inproceedings{Castillo+al:08a,
  author    = {Carlos Castillo and
               Claudio Corsi and
               Debora Donato and
               Paolo Ferragina and
               Aristides Gionis},
  title     = {Query-log mining for detecting spam},
  booktitle = {Proceedings of AIRWeb, Fourth International Workshop on Adversarial Information Retrieval on the Web},
  year      = {2008},
  pages     = {17-20}
}

@inproceedings{Chowdhury+al:01a,
  author    = {Abdur Chowdhury and Ophir Frieder and David A. Grossman and M. Catherine McCabe},
  title     = {Analyses of Multiple-Evidence Combinations for Retrieval
               Strategies},
  booktitle = {Proceedings of SIGIR},
  year      = {2001},
  pages     = {394-395},
  note = {poster}
}


@InProceedings{Amati+al:04a,
  author = 		  {Giambattista Amati and Claudio Carpineto and Giovanni Romano},
  title = 		  {Query difficulty, robustness, and selective application of query expansion},
  booktitle = 	  {Proceedings of ECIR},
  pages = "127--137",
  year={2004}
}

@InProceedings{Ando:00a, 
  author = 	 {Rie Kubota Ando},  
  title = 	 {Latent Semantic Space: Iterative Scaling Improves Precision of Inter-document Similarity Measurement}, 
  booktitle = {Proceedings of SIGIR}, 
  year = 	 2000, 
  pages =      {216--223}
}

@PhdThesis{Ando:01a,
  author = 	 {Rie Kubota Ando},
  title = 	 {The Document Representation Problem:  An Analysis of LSI and Iterative Residual Rescaling},
  school = 	 {Cornell University},
  year = 	 2001,
  note = {Available as Cornell Computer Science Technical Report TR2001-1843}
}

@InProceedings{Ando+Lee:01a,
  author =       {Rie Kubota Ando and Lillian Lee},
  title =        {Iterative Residual Rescaling:  An Analysis and Generalization of {LSI}},
  booktitle =    {Proceedings of SIGIR},
  pages = {154--162},
  year =         2001
}

@InProceedings{Aslam+Montague:01a,
  author =  {Javed A. Aslam and Mark Montague},
  title =  {Models for metasearch},
  booktitle = 	  {Proceedings of SIGIR},
  pages =	 {276--284},
  year =	 2001,
}

@InProceedings{Aslam+al:05a,
  author = 	 {Javed A. Aslam and Virgiliu Pavlu and Emine Yilmaz},
  title = 	 {Measure-based Metasearch},
  booktitle = 	 {Proceedings of SIGIR},
  pages =	 {571-572},
  year =	 2005,
  note =         {Poster}
}

@inproceedings{Aslam+Pavlu:07a,
  author    = {Javed A. Aslam and Virgiliu Pavlu},
  title     = {Query Hardness Estimation Using {Jensen-Shannon} Divergence
               Among Multiple Scoring Functions},
  booktitle = {Proceedings of ECIR},
  year      = {2007},
  pages     = {198-209}
}

@InProceedings{Azzopardi+al:03a,
  author =       {Leif Azzopardi and Mark Girolami and Keith van Rijsbergen},
  title =        {Investigating the Relationship between Language Model Preplexity and IR Precision-Recall Measures},
  booktitle =    {Proceedings of SIGIR},
  year =         2003,
  pages =        {369--370},
  note = {Poster}
}

@InProceedings{Baker+McCallum:98a,
  author = 	 {L. Douglas Baker and Andrew Kachites McCallum},
  title = 	 {Distributional Clustering of Words for Text Classification},
  booktitle =  {Proceedings of SIGIR},
  year={1998},
  pages={96--103}  
}

@Article{Balinski+Danilowicz:05a,
  author = 	 {Jaroslaw Bali\'nski and Czeslaw Dani\l{owicz}},
  title = 	 {Re-ranking method based on inter-document distances},
  journal = 	 {Information Processing and Management},
  year = 	 2005,
  volume =	 41,
  number =	 4,
  pages =	 {759--775}
}

@Book{BaezaYates+RibeiroNeto:99a,
  author =	 "Ricardo A. Baeza-Yates and Berthier A. Ribeiro-Neto",
  title =	 "Modern Information Retrieval",
  publisher =	 "ACM Press / Addison-Wesley",
  year =	 1999,
  isbn      = {0-201-39829-X}
}

@InProceedings{Bast+Majumdar:05a,
  author = 	 {Holger Bast and Debapriyo Majumdar},
  title = 	 {Why spectral retrieval works},
  booktitle = 	 {Proceedings of SIGIR},
  pages =	 {11--18},
  year =	 2005
}

@InProceedings{Bartell+al:94a,
  author = 	 {Brian T. Bartell and Garrison W. Cottrell and Richard K. Belew},
  title = 	 {Automatic combination of multiple ranked retrieval systems},
  booktitle =  {Proceedings of {SIGIR}},
  year={1994},
  pages={173--181}  
}


@InProceedings{Beeferman+Berger:00a,
  author = 	 {Doug Beeferman and Adam L. Berger},
  title = 	 {Agglomerative clustering of a search engine query log},
  booktitle = 	 {Proceedings of KDD},
  pages =	 {407--416},
  year =	 2000
}

@inproceedings{Beitzel+al:03a,
  author    = {Steven M. Beitzel and Eric C. Jensen and Abdur Chowdhury and Ophir Frieder and David A. Grossman and Nazli Goharian},
  title     = {Disproving the Fusion Hypothesis: An Analysis of Data Fusion
               via Effective Information Retrieval Strategies},
  booktitle = {Proceedings of SAC},
  year      = {2003},
  pages     = {823-827}
}


@article{Beitzel+al:04a,
  author    = {Steven M. Beitzel and Eric C. Jensen and Abdur Chowdhury and David A. Grossman and Ophir Frieder and Nazli Goharian},
  title     = {Fusion of effective retrieval strategies in the same information
               retrieval system},
  journal   = {JASIST},
  volume    = {55},
  number    = {10},
  year      = {2004},
  pages     = {859-868}
}


@inproceedings{Beitzel+al:05a,
  author    = {Steven M. Beitzel and Eric C. Jensen and Ophir Frieder and Abdur Chowdhury and Greg Pass},
  title     = {Surrogate scoring for improved metasearch precision},
  booktitle = {Proceedings of SIGIR},
  year      = {2005},
  pages     = {583-584}
}


@book{Belew:00a,
 author = {Richard K. Belew},
 title = {Finding Out About: A Cognitive Perspective on Search Engine Technology and the {WWW}},
 year = {2000},
 isbn = {0-521-63028-2},
 publisher = {Cambridge University Press},
 address = {New York, NY, USA},
 }

@InProceedings{Belkin+al:93a,
  author =  {Nicholas J. Belkin and C. Cool and W. Bruce Croft and James P. Callan},
  title =    {The effect of multiple query representations on information retrieval system performance},
  booktitle = 	  {Proceedings of SIGIR},
  pages = {339--346},
  year = 1993
}

@Article{Belkin+al:95a,
  author = 	 {N.J. Belkin and P. Kantor and E.A. Fox and J.A. Shaw},
  title = 	 {Combining evidence of multiple query representation for information retrieval},
  journal = 	 {Information Processing and Management},
  year = 	 1995,
  volume =	 31,
  number =	 3,
  pages =	 {431--448}
}


@MastersThesis{Bendersky:07a,
  author = 	 {Michael Bendersky},
  title = 	 {Passage language models in ad hoc document retrieval},
  school = 	 {Technion --- Israel Institute of Technology},
  year = 	 {2007},
}

@InProceedings{Bendersky+Kurland:08a,
  author = 	 {Michael Bendersky and Oren Kurland},
  title = 	 {Utilizing passage-based language models for document retrieval},
  booktitle = 	 {Proceedings of ECIR},
  pages =	 {162--174},
  year =	 2008
}

@InProceedings{Bendersky+Kurland:08b,
  author = 	 {Michael Bendersky and Oren Kurland},
  title = 	 {Re-ranking search results using document-passage graphs},
  booktitle = 	 {Proceedings of SIGIR},
  pages =	 {853--854},
  year =	 {2008},
  note = {poster}
}

@InProceedings{Berger+Lafferty:99a,
  author = 		  {Adam Berger and John Lafferty},
  title = 		  {Information retrieval as statistical translation},
  booktitle = 	  {Proceedings of SIGIR},
  pages =	 {222--229},
  year =	 1999
}

@techreport{Berry+Dumais+O'Brien:94a,
    author = "Michael W. Berry and Susan T. Dumais and Gavin W. O'Brien",
    title = "Using Linear Algebra for Intelligent Information Retrieval",
    number = "UT-CS-94-270",
    institution = "The University of Texas at Austin",
    year = "1994"
}

@InProceedings{Bharat+Mihaila:99a,
  author = 	 {Krishna Bharat and George Mihaila},
  title = 	 {Hilltop: A Search Engine based on Expert Documents},
  booktitle = 	 {Ninth International World Wide Web Conference (Poster Proceedings)},
  pages =	 {72--73},
  year =	 1999
}

@InProceedings{Billerbeck+Zobel:03a,
  author = 	 {Bodo Billerbeck and Justin Zobel},
  title = 	 {When query expansion fails},
  booktitle = 	 {Proceedings of SIGIR},
  pages = {387--388},
  year =	 2003
}

@inproceedings{Billerbeck+Zobel:04a,
  author    = {Bodo Billerbeck and
               Justin Zobel},
  title     = {Questioning Query Expansion: An Examination of Behaviour
               and Parameters},
  booktitle = {Proceedgins of ADC},
  year      = {2004},
  pages     = {69-76}
}

@InProceedings{Brin+Page:98a,
  author = 	 {Sergey Brin and Lawrence Page},
  title = 	 {The Anatomy of a Large-Scale Hypertextual Web Search Engine},
  booktitle = 	 {Proceedings of {WWW}},
  year =	 1998,
  pages={107--117}
}


@InProceedings{Bruza+Huibers:94a,
    author = "P. D. Bruza and T.W.C. Huibers",
    title = {Investigating aboutness axioms using information fields},
    booktitle =  {Proceedings of SIGIR},
    pages = {112--121},
    year = 1994
}

@InProceedings{Buckley:04a,
  author =       {Chris Buckley},
  title =        {Why Current {IR} Engines Fail},
  booktitle =    {Proceedings of SIGIR},
  year =         2004,
  pages =        {584--585},
  note = {Poster}
}

@InProceedings{Buckley+al:94a,
  author =       {Chris Buckley and Gerard Salton and James Allan and Amit Singhal},
  title =        {Automatic query expansion using {SMART}: {TREC3}},
  booktitle =    {Proceedings of {TREC}},
  year =         1994,
  pages =        {69--80},
}


@InProceedings{Buckley+Voorhees:00a,
  author =       {Chris Buckley and Ellen M. Voorhees},
  title =        {Evaluating evaluation measure stability},
  booktitle =    {Proceedings of SIGIR},
  year =         2000,
  pages =        {33--40}
}

@InProceedings{Buckley+Robertson:08a,
  author =       {Chris Buckley and Stephen Robertson},
  title =        {Relevance Feedback Track Overview: {TREC} 2008},
  booktitle =    {Proceedings of {TREC}},
  year =         2008
  
}


@InProceedings{Cai+al:04a,
  author = 	 {Deng Cai and Shipeng Yu and Ji-Rong Wen and Wei-Ying Ma},
  title = 	 {Block-based web search},
  booktitle = 	 {Proceedings of {SIGIR}},
  year =	 2004,
  pages= "456--463"
}

@InProceedings{Carbonell+Goldstein:98a,
  author = 	 {Jaime G. Carbonell and Jade Goldstein},
  title = 	 {The Use of {MMR}, Diversity-Based Reranking for Reordering Documents and Producing Summaries},
  booktitle = 	 {Proceedings of SIGIR},
  pages =	 {335--336},
  year =	 1998
}

@InProceedings{Carmel+al:06a,
  author = 	 {David Carmel and Elad Yom-Tov and Adam Darlow and Dan Pelleg},
  title = 	 {What makes a query difficult?},
  booktitle = 	 {Proceedings of SIGIR},
  pages =	 {390--397},
  year =	 2006
}

@book{Carmel+Yom-Tov:10a,
  author = 	 {David Carmel and Elad Yom-Tov},
  title = 	 {Estimating the Query Difficulty for Information Retrieval},
  publisher = 	 {Morgan \& Claypool},
  year = 	 {2010},
  series = 	 {Synthesis lectures on information concepts, retrieval, and services}
}

@inproceedings{Carterette:09a,
  author    = {Ben Carterette},
  title     = {An Analysis of {NP}-Completeness in Novelty and Diversity
               Ranking},
  booktitle = {Proceedings of ICTIR},
  year      = {2009},
  pages     = {200-211}
}



@Article{Carpineto+al:01a,
  author = 	 {Claudio Carpineto and Renato de Mori and Giovanni Romano and Brigitte Bigi},
  title = 	 {An information-theoretic approach to automatic query expansion},
  journal = 	 {ACM Transactions on Information Systems},
  year = 	 2001,
  volume =	 19,
  number =	 1,
  pages =	 {1--27}
}

@InProceedings{Cao+al:08a,
  title = {Selecting good expansion terms for pseudo-relevance feedback},
  author = {Guihong Cao and Jian-Yun Nie and Jianfeng Gao and Stephen Robertson},
  booktitle = {Proceedings of SIGIR},
  pages = {243-250}, 
  year = {2008}
}

@InProceedings{Cay+He:05a,
  author = 	 {Deng Cai and Xiaofei He},
  title = 	 {Orthogonal locality preserving indexing},
  booktitle = 	 {Proceedings of {SIGIR}},
  year =	 2005,
  pages= "3--10"
}

@InProceedings{Callan:94a,
  author =       {James P. Callan},
  title =        {Passage-level Evidence in Document Retrieval},
  booktitle =    {Proceedings of SIGIR},
  year =         1994,
  pages =        {302--310},
}

@inproceedings{Smucker+al:07a,
  author    = {Mark D. Smucker and James Allan and Ben Carterette},
  title     = {A comparison of statistical significance tests for information
               retrieval evaluation},
  booktitle = {Proceedings of CIKM},
  year      = {2007},
  pages     = {623-632}
}

@Unpublished{Chekuri:webclass,
  author =	 "Chandra Chekuri and Michael Goldwasser and Prabhakar
                  Raghavan and Eli Upfal",
  title =	 "Web search using automatic classification",
  note =	 "in preparation",
  annote =	 "from Goldwasser's web page; downloaded 1/16"
}



@Misc{clusty,
  key = 	 {clusty},
  OPTauthor = 	 {},
  title = 	 {http://www.clusty.com},
  OPThowpublished = {},
  OPTmonth = 	 {},
  OPTyear = 	 {},
  OPTnote = 	 {},
  OPTannote = 	 {}
}

@inproceedings{Cohn+Hofmann:00a,
  author    = {David A. Cohn and Thomas Hofmann},
  title     = {The Missing Link - A Probabilistic Model of Document Content
               and Hypertext Connectivity.},
  booktitle = {NIPS},
  year      = {2000},
  pages     = {430--436},
  bibsource = {DBLP, http://dblp.uni-trier.de}
}

@inproceedings{Craswell+al:99a,
 author = {Nick Craswell and David Hawking and Paul B. Thistlewaite},
 title = {Merging results from isolated search engines},
 booktitle = {Proceedings of ADC},
 year = {1999},
 pages = {189--200}
}



@PhdThesis{Croft:78a,
  author = 	 {W. Bruce Croft},
  title = 	 {Organizing and searching large files of documents},
  school = 	 {University of Cambridge},
  year = 	 1978,
}

@Misc{Connell+al:04a,
  author =	 {Margaret Connell and Ao Feng and Giridhar Kumaran and Hema Raghavan and Chirag Shah and James Allan
},
  title =	 {{UMass} at {TDT} 2004},
  howpublished = {TDT2004 System Description},
  year =	 2004
}



@article{Cooper:95a,
 author = {William S. Cooper},
 title = {Some inconsistencies and misidentified modeling assumptions in probabilistic information retrieval},
 journal = {ACM Transactions on  Information Systems},
 volume = {13},
 number = {1},
 year = {1995},
 pages = {100--111},
 annote={Revised/extended version of a SIGIR 1991 paper}
 }

@Article{Cresanti+al:98a,
  author = 	 {Fabio Crestani and Mounia Lalmas and Cornelis J. Van Rijsbergen and Iain Campbell},
  title = 	 {"{Is} This Document Relevant? ... Probably": A survey of probabilistic models in information retrieval},
  journal = 	 {ACM Computing Surveys},
  year = 	 1998,
  volume =	 30,
  number =	 4,
  pages =	 {528--552}
}

@article{Croft:80a,
  author =	 {W. Bruce Croft},
  title =	 {A model of cluster searching based on classification},
  journal =	 {Information Systems},
  volume =	 {5},
  pages =	 {189-195},
  year =	 {1980}
}

@Article{Croft+Thompson:84a,
  author = 	 {W. Bruce Croft and R. H. Thompson},
  title = 	 {I$^3${R}: A new approach to the design of document retrieval systems},
  journal = 	 {Journal of the American Society for Information Science and Technology},
  year = 	 1984,
  volume =	 38,
  number =	 6,
  pages =	 {389--404}
}

@article{Croft:95a,
 author = {W. Bruce Croft},
 title = {What do people want from information retrieval?},
 journal = {D-Lib magazine},
 year = {1995},
}




@Book{Croft:00a,
  key = "Croft",
  editor =	 {W. Bruce Croft},
  title = 	 {Advances in Information Retrieval: Recent Research from the Center for Intelligent Information Retrieval},
  publisher = 	 {Kluwer},
  year = 	 2000,
  number =	 7,
  series =	 {The Kluwer International Series on Information Retrieval}
}

@InCollection{Croft:00b,
  author = 	 {W. Bruce Croft},
  title = 	 {Combining approaches to information retrieval},
    booktitle = 	 {Advances in information retrieval},
  editor = {W. Bruce Croft},
  pages =	 {1--36},
  year = {2000},
  publisher = {Kluwer Academic Publishers},
  chapter =	 1
}

@Article{Croft+Harper:79a,
  author = 	 {W. Bruce Croft and D. J. Harper},
  title = 	 {Using probabilistic models of document retrieval without relevance information},
  journal = 	 {Journal of Documentation},
  year = 	 1979,
  volume =	 35,
  number =	 4,
  pages =	 {285--295},
  note =	 {Reprinted in Karen Sp\"arck Jones and Peter Willett, eds., {\em Readings in Information Retrieval}, Morgan Kaufmann, pp. 339--344, 1997.}
}

@Book{Croft+Lafferty:03a,
  editor =	 {W. Bruce Croft and John Lafferty},
  title = 	 {Language Modeling for Information Retrieval},
  publisher = 	 {Kluwer},
  year = 	 2003,
  number =	 13,
  series =	 {Information Retrieval Book Series}
}



@TechReport{Cronen-Townsend+Zhou+Croft:04a,
  author = 	 {Steve Cronen-Townsend and Yun Zhou and W. Bruce Croft},
  title = 	 {A Language Modeling Framework for Selective Query Expansion},
  institution =  {Center for Intelligent Information Retrieval, University of Massachusetts},
  year = 	 2004,
  number =	 {IR-338}
}

@TechReport{Corrada-Emmanuel+al:03a,
  author = 	 {Andres Corrada-Emmanuel and W. Bruce Croft and Vanessa Murdock},
  title = 	 {Answer passage retrieval for question answering},
  institution =  {Center for Intelligent Information Retrieval, University of Massachusetts},
  year = 	 2003,
  number =	 {IR-283}
}

@inproceedings{Cutting+al:92a,
  author =	 "Douglass R. Cutting and David R. Karger and Jan
                  O. Pedersen and John W. Tukey",
  title =	 "{S}catter/{G}ather: A cluster-based approach to
                  browsing large document collections",
  pages =	 "318--329",
  booktitle =	 "Proceedings of SIGIR",
  year =	 1992
}

@Article{Danilowicz+Balinski:01a,
  author = 	 {Czes\l{aw} Dani\l{owicz} and Jaros\l{aw} Bali\'nski},
  title = 	 {Document ranking based upon {Markov} chains},
  journal = 	 {Information Processing and Management},
  year = 	 2000,
  volume =	 41,
  number =	 4,
  pages =	 {759--775}
}


@inproceedings{deVries+Roelleke:05a,
 author = {Arjen P. de Vries and Thomas Roelleke},
 title = {Relevance information: A loss of entropy but a gain for IDF?},
 booktitle = {Proceedings of SIGIR},
 year = {2005},
 isbn = {1-59593-034-5},
 pages = {282--289},
 OPTlocation = {Salvador, Brazil},
 OPTdoi = {http://doi.acm.org/10.1145/1076034.1076084},
 OPTpublisher = {ACM Press},
 OPTaddress = {New York, NY, USA},
 }

@inproceedings{Custis+Kofahi:07a,
  author    = {Tonya Custis and
               Khalid Al-Kofahi},
  title     = {A new approach for evaluating query expansion: query-document
               term mismatch},
  booktitle = {Proceedings of SIGIR},
  year      = {2007},
  pages     = {575-582}
}
@InProceedings{Cutting+Karger+Pedersen:93a,
  author =	 "Douglass R. Cutting and David R. Karger and Jan
                  O. Pedersen",
  title =	 "Constant Interation-Time {S}catter/{G}ather Browsing
                  of Very Large Document Collections",
  booktitle =	 "16th Annual International {S}{I}{G}{I}{R}",
  year =	 1993,
  address =	 "Pittsburgh, PA",
  month =	 "June"
}

@INPROCEEDINGS{Dalvi+al:04a,
    author = {Nilesh Dalvi and Pedro Domingos and Mausam and Sumit Sanghai and Deepak Verma},
    title = {Adversarial Classification},
    booktitle = {Proc. of KDD},
    year = {2004},
    pages = {99--108}
}

@inproceedings{Dang+al:07a,
 author = {Ke Dang and Tiejun Zhao and Haoliang Qi and Dequan Zheng},
 title = {Incorporating passage feature within language model framework for retrieval},
 booktitle = {Proceedings of the 8th international conference on intellighent text processing and computational linguistics (CICLing)},
 year = {2007},
  pages = {476--484},
 }

@Article{Deerwester+al:90a,
  author =	 "Scott Deerwester and Susan Dumais and George Furnas
                  and Thomas Landauer and Richard Harshman",
  title =	 "Indexing by Latent Semantic Analysis",
  journal =	 "Journal of the American Society for Information
                  Science",
  year =	 1990,
  volume =	 41,
  number =	 6,
  pages =	 "391--407"
}

@InProceedings{Denoyer+al:01a,
  author = 	 {Ludovic Denoyer and Hugo Zaragoza and Patrick Gallinari},
  title = 	 {{HMM}-Based passage models for document classification and ranking},
  booktitle = 	 {Proceedings of {ECIR}},
  pages = {126--135},
  year =	 2001
}
 
@InProceedings{Dhillon:01a,
  author = 	 {Inderjit Dhillon},
  title = 	 {Co-Clustering Documents and Words Using Bipartite Spectral Graph Partitioning},
  pages={269--274},
  booktitle = 	 {Proceedings of the Seventh ACM SIGKDD Conference},
  year =	 2001
}


@inproceedings{Dhillon+Mallela+Kumar:02a,
 author = {Inderjit S. Dhillon and Subramanyam Mallela and Rahul Kumar},
 title = {Enhanced word clustering for hierarchical text classification},
 booktitle = {Proceedings of the Eighth ACM SIGKDD International Conference on Knowledge Discovery and Data Mining},
 year = {2002},
 pages = {191--200}
 }

@InProceedings{Diaz:05a,
  author =  {Fernando Diaz},
  title =    {Regularizing Ad Hoc Retrieval Scores},
  booktitle = 	  {Proceedings of CIKM},
  pages = {672--679},
  year =	 2005
}

@InProceedings{Diaz:07b,
  author =  {Fernando Diaz},
  title =    {Performance prediction using spatial autocorrelation},
  booktitle = 	  {Proceedings of SIGIR},
  pages = {583--590},
  year = 2007
}

@InProceedings{Diaz:08a,
  author =  {Fernando Diaz},
  title =    {A method for transferring retrieval scores between collections with non overlapping vocabularies},
  booktitle = 	  {Proceedings of SIGIR},
  pages = {805--806},
  year = 2008,
  note = {poster}
}


@InProceedings{Diaz+Metzler:06a,
  author =  {Fernando Diaz and Donald Metzler},
  title =    {Improving the estimation of relevance models using large external corpora},
  booktitle = 	  {Proceedings of SIGIR},
  pages = {154--161},
  year = 2006
}

@Article{Diaz:07a,
  author = 	 {Fernando Diaz},
  title = 	 {Regularizing query-based retrieval scores},
  journal = 	 {Information Retrieval},
  year = 	 2007,
  volume =	 10,
  number =	 6,
  pages =	 {531--562}
}

@Article{Dumais:91a, 
  author = 	 {Susan T. Dumais}, 
  title = 	 {Improving the Retrieval of Information from 
              External Sources}, 
  journal = {Behavior Research Methods, Instruments, \& Computers}, 
  year = 	 1991,
  volume = 23, 
  number = 2,  
  pages =	 {229--236}
}

@Article{Dunlop:97a,
  author    = {Mark D. Dunlop},
  title     = {The Effect of Accessing Nonmatching Documents on Relevance
               Feedback},
  journal   = {ACM Transactions on Information Systems},
  volume    = {15},
  number    = {2},
  year      = {1997},
  pages     = {137-153}
}

@InProceedings{Dwork+al:01a,
  author =       {C. Dwork and R. Kumar and M. Naor and D. Sivakumar},
  title =        {Rank Aggregation Methods for the {W}eb},
booktitle =    {Proceedings of WWW},
  pages =     {613--622},
  year =      {2001},
  address =   {Hong Kong}
}

@InProceedings{elHamdouchi+Willett:86a,
  author =  {Abdelmoula El-Hamdouchi and Pitter Willett},
  title =    {Hierarchic Document Clustering using Ward's Method},
  booktitle = 	  {Proceedings of SIGIR},
  pages = {149--156},
  year =	 1986
}

@Article{elHamdouchi+Willett:87a, 
  author = 	 {Abdelmoula El-Hamdouchi and Pitter Willett}, 
  title = 	 {Techniques for the measurement of clustering tendency in document retrieval systems}, 
  journal = {Journal of Information Science}, 
  year = 	 1987,
  volume = 13, 
  pages =	 {361--365}
}

@Article{elHamdouchi+Willett:89a, 
  author = 	 {Abdelmoula El-Hamdouchi and Pitter Willett}, 
  title = 	 {Comparison of hierarchic agglomerative clustering methods for document retrieval}, 
  journal = {The Computer journal}, 
  year = 	 1989,
  volume = 32, 
  number = 3,  
  pages =	 {220--227}
}

@inproceedings{Eiron+al:04a,
  author    = {Nadav Eiron and
               Kevin S. McCurley and
               John A. Tomlin},
  title     = {Ranking the web frontier},
  booktitle = {Proceedings of WWW},
  year      = {2004},
  pages     = {309-318}
}

@inproceedings{Fang+Zhai:04a,
  author    = {Hui Fang and
               Tao Tao and
               ChengXiang Zhai},
  title     = {A formal study of information retrieval heuristics},
  booktitle = {Proceedings of SIGIR},
  year      = {2004},
  pages     = {49-56}

}

@InProceedings{Fang+Zhai:05a,
  author = 	 {Hui Fang and ChengXiang Zhai},
  title = 	 {An exploration of axiomatic approaches to information retrieval},
  booktitle = 	 {Proceedings of SIGIR},
  pages =	 {480--487},
  year =	 2005
}

@inproceedings{Fox+Shaw:94a,
  author = "Edward A. Fox and Joseph A. Shaw",
  title = "Combination of multiple searches",
  booktitle = "Proceedings of {TREC}",
  year = "1994"
}

@inproceedings{Flake+Lawrence+Giles:00a,
  author = "Gary Flake and Steve Lawrence and C. Lee Giles",
  title = "Efficient Identification of Web Communities",
  booktitle = "Sixth ACM SIGKDD International Conference on Knowledge Discovery and Data Mining",
  pages = "150--160",
  year = "2000"
}

@Article{Fuhr:92a,
  author = 	 {Norbert Fuhr},
  title = 	 {Probabilistic Models in Information Retrieval},
  journal = 	 {The Computer Journal},
  year = 	 1992,
  volume =	 35,
  number = {3},
  pages =	 {243--255}
}

@InProceedings{Gao+al:04a,
  author = 	 {Jianfeng Gao and Jian-Yun Nie and Guangyuan Wu and Guihong Cao},
  title = 	 {Dependence Langauge Model for Information Retrieval},
  booktitle = 	 {Proceedings of SIGIR},
  pages =	 {170--177},
  year =	 2004
}

@InProceedings{Gao+al:05a,
  author = 	 {Guihong Gao and Jian-Yun Nie and Jing Bai},
  title = 	 {Integrating word relationships into language models},
  booktitle = 	 {Proceedings of SIGIR},
  pages =	 {298--305},
  year =	 2005
}


@InProceedings{Geraci+al:06a,
  author =       {Filippo Geraci and Marco Pellegrini and Marco Maggini and Fabrizio Sebastiani},
  title =        {Cluster Generation and Cluster Labeling for {W}eb Snippets: A fast and accurate hierarchical solution},
  booktitle =    {Proceedings of the 13th international conference on string processing and information retrieval (SPIRE)},
  year =         2006,
  pages =        {25--37},
}

@phdthesis{Gey:93a,
 author = {Fredric Cheek Gey},
 title = {Probabilistic dependence and logistic inference in information retrieval},
 year = {1993},
 order_no = {UMI Order No. GAX94-07968},
 school = {University of California at Berkeley},
 address = {Berkeley, CA, USA},
 }

@InProceedings{Godbole+Sarawagi:04a,
  author = 	 {Shantanu Godbole and Sunita Sarawagi},
  title = 	 {Discriminative methods for multi-labeled classification},
  booktitle = 	 {Proceedings of PAKDD},
  pages =	 {22--30},
  year =	 2004,
  annote =	 {Full paper.  Methods seem tailored to text, so put it in cunlp-ir.bib}
}

@inproceedings{Greiff:98a,
 author = {Warren R. Greiff},
 title = {A theory of term weighting based on exploratory data analysis},
 booktitle = {Proceedings of SIGIR},
 year = {1998},
 isbn = {1-58113-015-5},
 pages = {11--19},
 location = {Melbourne, Australia},
 doi = {http://doi.acm.org/10.1145/290941.290948},
 OPTpublisher = {ACM Press},
 address = {New York, NY, USA},
 }

@Article{Griffiths+Luckhurst+Willett:86a,
  author = 	 {Alan Griffiths and H. Claire Luckhurst and Peter Willett},
  title = 	 {Using interdocument similarity information in document retrieval systems},
  journal = 	 {Journal of the American Society for Information Science (JASIS)},
  year = 	 1986,
  volume =	 37,
  number = {1},
  pages =	 {3--11}

}

@Book{Grossman+Frieder:98a,
  author = {David A. Grossman and Ophir Frieder},
  title = 	 {Information Retrieval: Algorithms and Heuristics},
  publisher = 	 {Kluwer},
  year = 	 1998,
}



@InProceedings{Harman:92a,
  author =   {Donna Harman},
  title =    {Relevance Feedback Revisited},
  booktitle = {Proceedings of SIGIR},
  pages = {1--10},
  year = 1992
}

@InCollection{Harman:05a,
  author = 	 {Donna Harman},
  title = 	 {The history of {IDF} and its influences on {IR} and other fields},
  booktitle = 	 {Charting a New Course:  Natural Language Processing and Information Retrieval:  Essays in Honour of Karen Sp\"arck Jones},
  pages =	 {69--79},
  publisher =	 {Springer},
  year =	 2005
}

@InProceedings{Harman+Voorhees:98a,
  author =   {Donna Harman and Ellen M. Voorhees},
  title =    {Overview of the Seventh Text Retrieval Conference (TREC-7)},
  booktitle = {Proceedings of TREC},
  pages = {1--24},
  year = 1998
}

@InProceedings{Harman+Buckley:04a,
  author =  {Donna Harman and Chris Buckley},
  title =   {The {NRRC} Reliable Information Access {(RIA)} Workshop},
  booktitle = {Proceedings of SIGIR},
  pages = {528--529},
  year = 2004,
  note={Poster}
}
@inproceedings{Haveliwala:02a,
  author    = {Taher H. Haveliwala},
  title     = {Topic-sensitive {PageRank}},
  booktitle = {Proceedings of the Eleventh International World Wide Web Conference},
  year      = {2002},
  pages     = {517--526},
  ee        = {http://doi.acm.org/10.1145/511446.511513},
  bibsource = {DBLP, http://dblp.uni-trier.de}
}

@article{Haveliwala:03a,
  author    = {Taher H. Haveliwala},
  title     = {Topic-Sensitive {PageRank}: A Context-Sensitive Ranking Algorithm
               for {Web} Search},
  journal   = {IEEE Transactions on Knowledge and Data Engineering},
  volume    = {15},
  number    = {4},
  year      = {2003},
  pages     = {784--796},
  ee        = {http://csdl.computer.org/comp/trans/tk/2003/04/k0784abs.htm},
  bibsource = {DBLP, http://dblp.uni-trier.de}
}

@InProceedings{He+al:04a,
  author = 	 {Xiaofei He and Deng Cai and Haifeng Liu and Wei-Ying Ma},
  title = 	 {Locality preserving indexing for document representation},
  booktitle = 	 {Proceedings of {SIGIR}},
  year =	 2004,
  pages= "96--103"
}

@inproceedings{He+al:08a,
  author    = {Jiyin He and
               Martha Larson and
               Maarten de Rijke},
  title     = {Using Coherence-Based Measures to Predict Query Difficulty},
  booktitle = {Proceedings of {ECIR}},
  pages     = {689--694},
  year      = {2008}
}


@article{He+al:11a,
  author    = {Jiyin He and
               Edgar Meij and
               Maarten de Rijke},
  title     = {Result diversification based on query-specific cluster ranking},
  journal   = {JASIST},
  volume    = {62},
  number    = {3},
  year      = {2011},
  pages     = {550-571},
}

@InProceedings{Hearst+Karger+Pedersen:95a,
  author =	 "Marti A. Hearst and David R. Karger and Jan
                  O. Pedersen",
  title =	 "{S}catter/{G}ather as a Tool for the Navigation of
                  Retrieval Results",
  booktitle =	 "Working Notes of the 1995 AAAI Fall Symposium on AI
                  Applications in Knowledge Navigation and Retrieval",
  year =	 1995
}

@InProceedings{Hearst+Pedersen:96a,
  author =	 "Marti A. Hearst and Jan O. Pedersen",
  title =	 "Reexamining the Cluster Hypothesis:
                  {S}catter/{G}ather on Retrieval Results",
  booktitle =	 "Proceedings of  {SIGIR}",
  pages     =    {76--84},
  year =	 1996
}

@InProceedings{Hearst+Plaunt:93a,
  author =	 "Marti A. Hearst and Christian Plaunt",
  title =	 "Subtopic structuring for full-length document access",
  booktitle =	 "Proceedings of  {SIGIR}",
  pages =  "56--89",
  year =	 1993
}

@article{Henzinger+al:02a,
  author    = {Monika Rauch Henzinger and
               Rajeev Motwani and
               Craig Silverstein},
  title     = {Challenges in web search engines},
  journal   = {SIGIR Forum},
  volume    = {36},
  number    = {2},
  year      = {2002},
  pages     = {11-22}
}

@PhdThesis{Hiemstra:01a,
  author =       {Djoerd Hiemstra},
  title =        {Using language models for information retrieval},
  school =       {Centre for Telematics and Information Technology, University of Twente},
  year =         2001
}

@InProceedings{Hiemstra:02a,
  author = 	 {Djoerd Hiemstra},
  title = 	 {Term-specific smoothing for the language modeling approach to information retrieval:  The importance of a query term},
  booktitle = 	 {Proceedings of {SIGIR}},
  pages =  {35--41},
  year =	 2002
}

@InProceedings{Hiemstra+al:04a,
  author = 	 {Djoerd Hiemstra and Stephen Robertson and Hugo Zaragoza},
  title = 	 {Parsimonious language models},
  booktitle = 	 {Proceedings of {SIGIR}},
  year =	 2004,
  pages = {178--185}
}


@techreport{Hiemstra+deVries:00a,
  author = "Djoerd Hiemstra and Arjen P. de Vries",
  title = "Relating the new language models of information retrieval to the traditional
    retrieval models",
  number = "TR-CTIT-00-09", 
  institution = "Centre for Telematics and Information Technology",
  month = may,
  year = 2000
}


@InProceedings{Hiemstra+Kraaij:99a,
    author = {Djoerd Hiemstra and Wessel Kraaij},
    title = {{Twenty}-{One} at {TREC7}: Ad Hoc and Cross-Language track},
    booktitle =  {Proceedings of TREC},
    pages = {227--238},
    year = 1999,
    annote={NIST Special Publication 500-242}

}



@InProceedings{Hofmann:99a,
  author = 	 {Thomas Hofmann},
  title = 	 {Probabilistic latent semantic indexing},
  booktitle =	 {Proceedings of SIGIR},
  pages =	 {50--57},
  year =	 1999
}

@Article{Hofmann:01a,
  author = 	 {Thomas Hofmann},
  title = 	 {Unsupervised Learning by Probabilistic Latent Semantic Analysis},
  journal = 	 {Machine Learning},
  year = 	 2001,
  volume =	 42,
  number =	 {1-2},
  pages =	 {177--196}
}



@InProceedings{Hu+Bandhakavi+Zhai:03a,
  author =       {Xiao Hu and Sindhura Bandhakavi and ChengXiang Zhai},
  title =        {Error Analysis of Difficult {TREC} Topics},
  booktitle = 	  {Proceedings of SIGIR},
  year =          2003,
  pages =         {407--408},
  note = {Poster}
}


@misc{Huibers+Wondergem:98a,
  author = "T. Huibers and B. Wondergem",
  title = "Towards an Axiomatic Aboutness Theory for Information Retrieval",
  text = "T.W.C. Huibers and B.C.M. Wondergem. Towards an Axiomatic Aboutness Theory
    for Information Retrieval. In F. Crestani, M. Lalmas, and C.J. van Rijsbergen,
    editors, Information Retrieval, Uncertainty and Logics - Advanced Models
    for the Representation and Retrieval of Information. Kluwer Academic Publishers,
    1998.",
  year = "1998"
}

@InProceedings{Huang+al:08a,
  author    = {Qiang Huang and Dawei Song and Stefan M. R{\"u}ger},
  title     = {Robust Query-Specific Pseudo Feedback Document Selection
               for Query Expansion},
  booktitle = {Proceedings of ECIR},
  year      = {2008},
  pages     = {547-554}
}

@MastersThesis{Hussain:04a,
  author = 		  {Munawar Hussain},
  title = 		  {Language modeling based passage retrieval for question answering systems},
  school = 		  {Saarland University},
  year = 		  {2004}
}

@Article{Jardine+Rijsbergen:71a,
  author = 	 {N. Jardine and C. J.  van Rijsbergen},
  title = 	 {The use of hierarchic clustering in information retrieval},
  journal = 	 {Information Storage and Retrieval},
  year = 	 1971,
  volume =	 7,
  number =	 5,
  pages =	 {217--240}
}

@inproceedings{Jarvelin+Kekalainen:00a,
  author    = {Kalervo J{\"a}rvelin and
               Jaana Kek{\"a}l{\"a}inen},
  title     = {IR evaluation methods for retrieving highly relevant documents},
  booktitle = {Proceedgins of SIGIR},
  year      = {2000},
  pages     = {41-48}
}


@Article{Jarvelin+Kekalainen:02a,
  author    = {Kalervo J{\"a}rvelin and
               Jaana Kek{\"a}l{\"a}inen},
  title     = {Cumulated gain-based evaluation of IR techniques},
  journal   = {ACM Transactions on Information Systems},
  volume    = {20},
  number    = {4},
  year      = {2002},
  pages     = {422-446}
}


@InProceedings{Jiang+Zhai:04a,
    author = {Jing Jiang and Chengxiang Zhai},
    title = {{UIUC} in {HARD} 2004 --- Passage retrieval using {HMM}s},
    booktitle =  {Proceedings of TREC},
    year = 2004,
}

@Article{Jiang+Zhai:06a,
  author = 	 {Jing Jiang and Chengxiang Zhai},
  title = 	 {Extraction of coherent relevant passages using hidden {Markov} models},
  journal = 	 {ACM Transactions on Information Systems},
  year = 	 2006,
  volume =	 24,
  number =	 3,
  pages =	 {295--319}
}

@InProceedings{Jin+al:02a,
  author = 		  {Rong Jin and Luo Si and Alexander G. Hauptmann and Jamie Callan},
  title = 		  {Language Model for {IR} Using Collection Information},
  booktitle = 	  {Proceedings of SIGIR},
  pages =	 {419--420},
  year =	 2002,
  note = {Poster}
}

@InProceedings{Joachims:98a,
  author = 	 {Thorsten Joachims},
  title = 	 {Text Categorization with Support Vector Machines: Learning with Many Relevant Features},
  booktitle = 	 {Proceedings of the European Conference on Machine Learning (ECML)},
  pages={137--142},
  year =	 1998
}

@InProceedings{Joachims:02a,
  author = 	 {Thorsten Joachims},
  title = 	 {Optimizing Search Engines Using Clickthrough Data},
  booktitle = 	 {Proceedings of the  ACM SIGKDD International Conference on Knowledge Discovery and Data Mining},
  pages={133--142},
  year =	 2002
}

@InProceedings{Joachims+al:05a,
  author = 		  {Thorsten Joachims and Laura Granka and Bing Pan and Helene Hembrooke and Geri Gay},
  title = 		  {Accurately interpreting clickthrough data as implicit feedback},
  booktitle = 	  {Proceedings of SIGIR},
  pages =	 {154--161},
  year =	 2005
}

@Article{Jones+Furnas:87a,
  author =	 "William P. Jones and George W. Furnas",
  title =	 "Pictures of Relevance",
  journal =	 "Journal of the American Society for Information
                  Science",
  year =	 1987,
  volume =	 38,
  number =	 6,
  pages =	 "420--442",
  month =	 "November"
}

@InProceedings{Kaszkiel+Zobel:97a,
  author =       {Marcin Kaszkiel and Justin Zobel},
  title =        {Passage retrieval revisited},
  booktitle =    {Proceedings of SIGIR},
  year =         1997,
  pages =        {178--185},
}

@Article{Kaszkiel+Zobel:01a,
  author =	 "Marcin Kaszkiel and Justin Zobel",
  title =	 "Effective ranking with arbitrary passages",
  journal =	 "Journal of the American Society for Information
                  Science",
  year =	 2001,
  volume =	 52,
  number =	 4,
  pages =	 "344--364",
  month =	 "November"
}

@InProceedings{Krikon+al:09a,
    author = {Eyal Krikon and Oren Kurland and Michael Bendersky},
    title = {Utilizing inter-passage and inter-document similarities for re-ranking search results},
    booktitle =  {Proceedings of CIKM},
    pages = {1597--1600},
    year = 2009
}

@article{Krikon+al:10a,
  author    = {Eyal Krikon and Oren Kurland and Michael Bendersky},
  title     = {Utilizing inter-passage and inter-document similarities for re-ranking search results},
  journal   = {{ACM} Transactions on Information Systems},
  volume    = {29},
  number    = {1},
  year      = {2010}

}



@InProceedings{Kozorovitzky+Kurland:09a,
  author    = {Anna Khudyak Kozorovitzky and
               Oren Kurland},
  title     = {From "Identical" to "Similar": Fusing Retrieved Lists Based
               on Inter-document Similarities},
  booktitle = {Proceedings of ICTIR},
  year      = {2009},
  pages     = {212-223}
}








@Article{Khudyak+Kurland:11a,
  author = 	 {Anna Khudyak Kozorovitzky and
               Oren Kurland},
  title = 	 {From "Identical" to "Similar": Fusing Retrieved Lists Based
               on Inter-document Similarities},
  journal = 	 {Journal of Artificial Intelligence Research},
  volume =  {41},
  year = 	 {2011},
  note = 	 {(To appear.)}
  
}

@TechReport{Kozorovitzky+Kurland:11a,
  author = 	 {Anna Khudyak Kozorovitzky and
               Oren Kurland},
  title = 	 {From "Identical" to "Similar": Fusing Retrieved Lists Based
               on Inter-document Similarities},
  institution =  {Technion},
  year = 	 {2011},
  number = 	 {IE/IS-2011-01},
}

@inproceedings{DasGupta+Katzer:83a,
  author    = {Padima Das-Gupta and
               Jeffrey Katzer},
  title     = {A Study of the Overlap Among Document Representations},
  booktitle = {Proceedgins of SIGIR},
  year      = {1983},
  pages     = {106--114},
}


@InProceedings{Kalmanovich+Kurland:09a,
    author = "Inna Gelfer Kalmanovich and Oren Kurland",
    title = {Cluster-based query expansion},
    booktitle =  {Proceedings of SIGIR},
    pages = {646--647},
    year = 2009,
    note={Poster}
}


@Article{Katzer+al:82a,
  author = 	 {J. Katzer and M.J. McGill and J.A. Tessier and W. Frakes and P. Dasgupta},
  title = 	 {A Study of the Overlap Among Document Representations},
  journal = 	 {Information Technology: Research and Development},
  year = 	 1982,
  volume =	 1,
  number =	 2,
  pages =	 {261--274}
}

@TechReport{Kleinberg:97a,
  author = 	 {Jon Kleinberg},
  title = 	 {Authoritative sources in a hyperlinked environment},
  institution =  {IBM},
  year = 	 1997,
  number =	 {Research Report RJ 10076},
  month =	 {May}
}

@InProceedings{Kleinberg:98a,
  author = 	 {Jon Kleinberg},
  title = 	 {Authoritative sources in a hyperlinked environment},
  booktitle = 	 {Proceedings of the 9th ACM-SIAM Symposium on Discrete Algorithms (SODA)},
  pages={668--677},
  year =	 1998,
  note = {Extended version in {\em Journal of the ACM, 46:604--632, 1999.}}
}

@Article{Kleinberg:99a,
  author = 	 {Jon Kleinberg},
  title = 	 {Authoritative sources in a hyperlinked environment},
  journal = 	 {Journal of the ACM},
  year = 	 1999,
  pages={604--632},
  volume =	 46
}

@InCollection{Kraaij+Spitters:03a,
  author = 	 {Wessel Kraaij and Martijn Spitters},
  title = 	 {Language models for topic tracking:  The importance of score normalization},
  crossref =	 {Croft+Lafferty:03a},
  pages =	 {95--124},
  chapter =	 5
}

@InProceedings{Kraaij+Westerveld:00a,
    author = {Wessel Kraaij and Thijs Westerveld},
    title = {{TNO}-{UT} at {TREC9}: How Different are Web Documents?},
    booktitle =  {Proceedings of TREC},
    pages = {665--671},
    year = 2001,
    annote={NIST Special Publication 500-249}

}

@Article{Krovetz+Croft:98a,
  author = 	 {Robert Krovetz and W. Bruce Croft},
  title = 	 {Lexical ambiguity and information retrieval},
  journal = 	 {ACM Transactions on Information Systems},
  year = 	 1992,
  pages= {115--141},
  volume =	 10,
  number = 2
}

@InProceedings{Kraaij+Westerveld+Hiemstra:02a,
  author = 	 {Wessel Kraaij and Thijs Westerveld and Djoerd Hiemstra},
  title = 	 {The importance of prior probabilities for entry page search},
  booktitle = 	 {Proceedings of SIGIR},
  pages =	 {27--34},
  year =	 2002
}

@InProceedings{Kumar+Mahadevan+Sivakumar:04a,
  author = 	 {Ravi Kumar and Uma Mahadevan and D. Sivakumar},
  title = 	 {A Graph-Theoretic Approach to Extract StoryLines from Search Results},
  booktitle = 	 {Proceedings of the Tenth ACM SIGKDD International Conference on Knowledge Discovery and Data Mining},
  pages =	 {216--225},
  year =	 2004
}

@Article{Kumar+Raghavan+Rajagopalan+Tomkins:99a,
  author = 	 {S. Ravi Kumar and Prabhakar Raghavan and Sridhar Rajagopalan and Andrew Tomkins},
  title = 	 {Trawling the Web for emerging cyber-communities},
  journal = 	 {Eighth World Wide Web Conference/Computer Networks},
  year = 	 1999,
  volume =	 31,
  number =	 {11-16},
  pages =	 {1481--1493},
  OPTkey = "trawling"
}

@PhdThesis{Kurland:06a,
  author = 	 {Oren Kurland},
  title = 	 {Inter-document similarities, language models, and ad hoc retrieval},
  school = 	 {Cornell University},
  year = 	 2006,
}

@InProceedings{Kurland:08a,
  author =       {Oren Kurland},
  title =        {The opposite of smoothing: A language model approach to ranking query-specific document clusters},
  booktitle =    "Proceedings of SIGIR",
  pages = {171--178},
  year =         2008
}

@InProceedings{Kurland+Domshlak:08a,
  author =       {Oren Kurland and Carmel Domshlak},
  title =        {A rank-aggregation approach to searching for optimal query-specific clusters},
  booktitle =    "Proceedings of SIGIR",
  pages = {547--554},
  year =         2008
}

@Article{Kurland:09a,
  author =	 "Oren Kurland",
  title =	 "Re-ranking search results using language models of query-specific clusters",
  journal =	 "Journal of Information Retrieval",
  year =	 2009,
  volume =	 12,
  number =	 4,
  pages =	 "437--460",
  month =	 "August"
}

@InProceedings{Kurland+Lee:04a,
  author =       {Oren Kurland and Lillian Lee},
  title =        {Corpus structure, language models, and ad hoc  information retrieval},
  booktitle =    "Proceedings of SIGIR",
  pages = {194--201},
  year =         2004
}

@InProceedings{Kurland+Lee:05a,
  author =       {Oren Kurland and Lillian Lee},
  title =        {{PageRank} without hyperlinks:  Structural re-ranking using links induced by language models},
  booktitle =    "Proceedings of SIGIR",
  pages =        {306--313},
  year =         2005
}

@article{Kurland+Lee:10a,
  author    = {Oren Kurland and
               Lillian Lee},
  title     = {{PageRank} without hyperlinks: Structural reranking using
               links induced by language models},
  journal   = {{ACM} Transactions on Information Systems},
  volume    = {28},
  number    = {4},
  year      = {2010},
  pages     = {18}
}


@InProceedings{Kurland+Lee+Domshlak:05a,
  author =       {Oren Kurland and Lillian Lee and Carmel Domshlak},
  title =        {Better than the real thing? {I}terative pseudo-query processing using cluster-based language models},
  booktitle =    "Proceedings of SIGIR",
  pages =        {19--26},
  year =         2005
}

@InProceedings{Kurland+Lee:06a,
  author = 		  {Oren Kurland and Lillian Lee},
  title = 		  {Respect my authority! {HITS} without hyperlinks utilizing cluster-based language models},
  booktitle = 	  {Proceedings of SIGIR},
  pages = {83--90},
  year =	 2006
}

@Article{Kurland+Lee:09a,
  author =	 "Oren Kurland and Lillian Lee",
  title =	 "Clusters, language models, and ad hoc information retrieval",
  journal =	 "{ACM} Transactions on Information Systems ",
  year =	 2009,
  volume =	 27,
  number =	 3
}

@article{Kwok:90a,
 author = {K. L. Kwok},
 title = {Experiments with a component theory of probabilistic information retrieval based on single terms as document components},
 journal = {ACM Transactions on  Information Systems},
 volume = {8},
 number = {4},
 year = {1990},
 issn = {1046-8188},
 pages = {363--386},
 doi = {http://doi.acm.org/10.1145/102675.102677},
 publisher = {ACM Press},
 address = {New York, NY, USA},
 }



@InProceedings{Lafferty+Zhai:01a,
  author = 		  {John D. Lafferty and Chengxiang Zhai},
  title = 		  {Document language models, query models, and risk minimization for information retrieval},
  booktitle = 	  {Proceedings of SIGIR},
  pages={111--119},
  year =	 2001
}

@InProceedings{Lafferty+Zhai:03a,
    author = {John Lafferty and Chengxiang Zhai},
    title = {Probabilistic Relevance Models Based on Document and Query Generation},
    booktitle = {Language Modeling and Information Retrieval},
    year = {2003},
    pages = {1--10},
    publisher = {Kluwer Academic Publishers}
}

@Article{Landauer+Dumais:97a,
  author =	 {Thomas Landauer and Susan T. Dumais},
  title =	 {A Solution to {P}lato's Problem: The Latent Semantic
                  Analysis Theory of Acquisition, Induction, and the
                  Representation of Knowledge},
  journal =	 {Psychological Review},
  year =	 1997,
  volume =	 104,
  number =	 2,
  pages =	 {211-240}
}


@Article{Langville+Meyer:05a,
  author = 	 {Amy N. Langville and Carl D. Meyer},
  title = 	 {Deeper Inside {PageRank}},
  journal = 	 {Internet Mathematics},
  year = 	 {2005},
  OPTkey = 	 {},
  OPTvolume = 	 {1},
  OPTnumber = 	 {3},
  OPTpages = 	 {335--380},
  OPTmonth = 	 {},
  OPTnote = 	 {},
  OPTannote = 	 {}
}

@TechReport{Lavrenko:00a,
  author = 		  {Victor Lavrenko},
  title = 		  {Localized Smoothing of Multinomial Language Models},
  institution =  {Center for Intelligent Information Retrieval (CIIR), University of Massachusetts},
  year = 		  2000,
  number = 	  {IR-222}
}

@InProceedings{Lavrenko:02a,
  author = 	 {Victor Lavrenko},
  title = 	 {Optimal Mixture Models in {IR}},
  booktitle =	 {European Conference on Information Retrieval},
  pages =	 {193--212},
  year =	 2002
}

@PhdThesis{Lavrenko:04a,
  author = 	 {Victor Lavrenko},
  title = 	 {A Generative Theory of Relevance},
  school = 	 {University of Massachusetts Amherst},
  year = 	 2004
}


@InProceedings{Lavrenko+al:02a,
  author = 	 {Victor Lavrenko and James Allan and Edward {DeGuzman} and Daniel {LaFlamme} and Veera Pollard and Steven Thomas},
  title = 	 {Relevance Models for Topic Detection and Tracking},
  booktitle = 	 {Proceedings of the Human Language Technology Conference (HLT)},
  pages =	 {104--110},
  year =	 2002
}

@inproceedings{Lavrenko+al:02b,
    author = "Victor Lavrenko and Martin Choquette and W. Bruce Croft",
    title = "Cross-lingual relevance models",
    booktitle = "Proceedings of SIGIR",
    pages = "175--182",
    year = "2002"
}

@inproceedings{Lavrenko+Croft:01a,
    author = "Victor Lavrenko and W. Bruce Croft",
    title = "Relevance-Based Language Models",
    booktitle = "Proceedings of SIGIR",
    pages = "120--127",
    year = "2001"
}

@Article{Liu:09a,
  author = 	 {Tie-Yan Liu},
  title = 	 {Learning to rank for information retrieval},
  journal = 	 {Foundations and Trends in Information Retrieval},
  year = 	 2009,
  volume =	 3,
  number =	 3
}

@InCollection{Lavrenko+Croft:03a,
  author = 	 {Victor Lavrenko and W. Bruce Croft},
  title = 	 {Relevance Models in Information Retrieval},
  crossref =	 {Croft+Lafferty:03a},
  pages =	 {11--56}
}

@inproceedings{JLee:95a,
    author = 	 {Joon Ho Lee},
  title = 	 {Combining multiple evidence from different properties of weighting schemes},
  booktitle = {Proceedings of SIGIR},
  year = 	 {1995},
  pages = {180--188}
}

@inproceedings{JLee:97a,
  author = 	 {Joon Ho Lee},
  title = 	 {Analyses of multiple evidence combination},
  booktitle = {Proceedings of SIGIR},
  year = 	 {1997},
  pages = {267--276},
}

@Article{Lee+al:01a,
  author = 	 {Kyung-Soon Lee and Young-Chan Park and Key-Sun Choi},
  title = 	 {Re-ranking model based on document clusters},
  journal = 	 {Information Processing and Management},
  year = 	 2001,
  volume =	 37,
  number =	 1,
  pages =	 {1--14}
}

@InProceedings{Lee+al:08a,
  author    = {Kyung-Soon Lee and W. Bruce Croft and James Allan},
  title     = {A cluster-based resampling method for pseudo-relevance feedback},
  booktitle = {Proceedings of SIGIR},
  year      = {2008},
  pages     = {235-242}
}

@InProceedings{Leuski+Allan:98a,
  author =  {Anton Leuski and James Allan},
  title =    {Evaluating a visual navigation system for a digital library},
  booktitle = 	  {Proceedings of the Second European conference on research and advanced technology for digital libraries ({ECDL})},
  pages =	 {535--554},
  year =	 1998
}

@InProceedings{Leuski:01a,
  author =  {Anton Leuski},
  title =    {Evaluating document clustering for interactive information retrieval},
  booktitle = 	  {Proceedings of CIKM},
  pages =	 {33--40},
  year =	 2001
}

@InProceedings{Levow+Matveeva:04a,
  author =  {Gina-Anne Levow and Irina Matveeva},
  title =    {University of {Chicago} at {CLEF2004}: Cross-Language Text and Spoken Document Retrieval},
  booktitle = 	  {Proceedings of CLEF},
  pages =	 {170--179},
  year =	 2004
}

@InProceedings{Lewis:92a,
  author =	 "David D. Lewis",
  title =	 "An evaluation of phrasal and clustered representations on a text categorization task",
  pages =	 "37--50",
  booktitle =	 "Fifteenth Annual International ACM SIGIR Conference on Research and Development in Information Retrieval",
  year =	 {1992}
}

@InProceedings{Lewis:98a,
  author =       {David D. Lewis},
  title =        {Naive ({B}ayes) at forty: The independence assumption in information retrieval},
  booktitle =    {ECML},
  pages =        {4--15},
  year =         1998,
  note =         {Invited talk}
}

@InProceedings{Li+Croft:03a,
  author =  {Xiaoyan Li and W. Bruce Croft},
  title =    {Time-Based Language Models},
  booktitle = 	  {Proceedings of CIKM},
  pages =	 {469--475},
  year =	 2003
}

@TechReport{Li+Croft:05a,
  author = 	 {Xiaoyan Li and W. Bruce Croft},
  title = 	 {Improving the Robustness of Relevance-Based Language Models},
  institution =  {Center for Intelligent Information Retrieval, University of Massachusetts},
  year = 	 {2005},
  number = {IR-401}
}

@InProceedings{Li+Yamanishi:97a,
  author =	 {Hang Li and Kenji Yamanishi},
  title =	 {Document Classification Using a Finite Mixture
                  Model},
  crossref =	 {ACL97},
  pages =	 {39--47}
}

@InProceedings{Li+Zhu:08a,
  author =	 {Xiaoyan Li and Zhigang Zhu},
  title =	 {Enhancing relevance models with adaptive passage retrieval},
  booktitle =	 {Proceedings of ECIR},
  year = 2008,
  pages =	 {463--471}
}

@InProceedings{Lin+al:10a,
  author = 	 {Jimmy Lin and Donald Metzler and Tamer Elsayed and Lidan Wang},
  title = 	 {Of {Ivory} and {Smurfs}: {Loxodontan}
{MapReduce} {Experiments} for {Web} {Search}},
  booktitle =	 {Proceedings of TREC},
  year =	 2010
}

@InProceedings{Liu+Croft:02a,
  author = {Xiaoyong Liu and W. Bruce Croft},
  title = {Passage retrieval based on language models},
  booktitle =  {Proceedings of CIKM},
  pages = {375-382},
  year = 2002
}

@InProceedings{Liu+Croft:04a,
  author = {Xiaoyong Liu and W. Bruce Croft},
  title = {Cluster-Based Retrieval Using Language Models},
  booktitle =  {Proceedings of SIGIR},
  pages = {186-193},
  year = 2004
}

@InProceedings{Liu+Croft:06a,
  author = {Xiaoyong Liu and W. Bruce Croft},
  title = {Representing clusters for retrieval},
  booktitle =  {Proceedings of SIGIR},
  pages = {671--672},
  year = 2006,
  note = {Poster}
}


@TechReport{Liu+Croft:06b,
  author = 		  {Xiaoyong Liu and W. Bruce Croft},
  title = 		  {Experiments on retrieval of optimal clusters},
  institution =  {Center for Intelligent Information Retrieval, University of Massachusetts},
  year = 		  2006,
  number = 	  {IR-478}
}

@InProceedings{Liu+Croft:08a,
  author = {Xiaoyong Liu and W. Bruce Croft},
  title = {Evaluating text representations for retrieval of the best group of documents},
  booktitle =  {Proceedings of ECIR},
  pages = {454--462},
  year = 2008,
}


@InProceedings{Lv+Zhai:09a,
  author = 	 {Yuanhua Lv and ChenXiang Zhai},
  title = 	 {Adaptive relevance feedback in information retrieval},
  booktitle = 	 {Proceedings of CIKM},
  pages     =    {255-264},
  year =	 2009
}

@inproceedings{Mang+Sanderson:02a,
  author    = {Xiao Mang Shou and
               Mark Sanderson},
  title     = {Experiments on data fusion using headline information},
  booktitle = {Proceedgins of SIGIR},
  year      = {2002},
  pages     = {413-414}
}

@Book{Manning+al:08a,
  author = 	 {Christopher D. Manning and Prabhakar Raghavan and Hinrich Sch{\"u}tze},
  title = 	 {Introduction to information retrieval},
  publisher = 	 {Cambridge University Press},
  year = 	 {2008},
}

@InProceedings{Mano+Ogawa:01a,
  author = 	 {Hiriko Mano and Yasushi Ogawa},
  title = 	 {Selecting expansion terms in automatic query expansion},
  booktitle = 	 {Proceedings of {SIGIR}},
  year =	 2001,
  pages=  "390--391",
  note = {Poster}
}

@Article{Maron+Kuhns:60a,
  author = 	 {M. E. Maron and J. L. Kuhns},
  title = 	 {On relevance, probabilistic indexing and retrieval},
  journal = 	 {Journal of the ACM},
  year = 	 1960,
  volume =	 7,
  pages =	 {216--244}
}



@InProceedings{Mateev+Mittendorf+Schauble:97a,
  author = 	 {Bojidar Mateev and
               Elke Mittendorf and
               Peter Sch{\"a}uble},
  title = 	 {Where the Linked Dependence Assumption Fails and How to
               Move Beyond It},
  booktitle =	 {BCS-IRSG Annual Colloquium on IR Research},
  year =	 1997,
  url={http://www.bcs.org/upload/pdf/ewic_ir97_paper5.pdf}
}

@MastersThesis{Matveeva:04a,
  author = 		  {Irina Matveeva},
  title = 		  {Text representation with the locality preserving projection algorithm for information retrieval task},
  school = 		  {University of Chicago},
  year = 		  {2004}
}

@InProceedings{McBryan:94a,
  author = {Oliver A. McBryan},
  title = {{GENVL} and {WWWW}: Tools for Taming the {Web}},
  booktitle = {Proceedings of {WWW}},
  year = 1994
}

@InProceedings{McCallum:99a,
  author = 	 {Andrew McCallum},
  title = 	 {Multi-Label Text Classification with a Mixture Model Trained by {EM}},
  booktitle = 	 {AAAI Workshop on Text Learning},
  year =	 1999
}

@techreport{McGill+al:79a,
    author = "Michael McGill and Matthew Koll and Terry Noreault",
    title = "An evaluation of factors affecting document ranking by information retrieval systems. Final report for grant NSF-IST-78-10454 to the {N}ational {S}cience {F}oundation",
    institution = "Syracuse University",
    year = "1979"
}


@InProceedings{Metzler+al:04a,
  author = 	 {Donald Metzler and Trevor Strohman and Howard Turtle and W. Bruce Croft},
  title = 	 {Indri at {TREC} 2004: {Terabyte} Track},
  booktitle = {Proceedings of TREC},
  year = 	 {2004},
  note =	 {NIST Special Publication SP 500-261}
}

@InProceedings{Mei+al:07a,
  author = 	 {Qiaozhu Mei and Xuehua Shen and ChengXiang Zhai},
  title = 	 {Automatic labeling of multinomial topic models},
  booktitle = {Proceedings of the 13th {ACM} {SIGKDD} international conference},
  year = 	 {2007},
  pages =        {490--499}
}

@inproceedings{Mei+al:08a,
  author    = {Qiaozhu Mei and Duo Zhang and ChengXiang Zhai},
  title     = {A general optimization framework for smoothing language
               models on graph structures},
  booktitle = {SIGIR},
  year      = {2008},
  pages     = {611-618}
}

@InProceedings{Meister+al:09a,
    author = "Lior Meister and Oren Kurland and Inna Gelfer Kalmanovich",
    title = {Integrating clusters created offline with query-specific clusters for document retrieval},
    booktitle =  {Proceedings of SIGIR},
    pages = {706--707},
    year = 2009,
    note={Poster}
}

@Article{Meister+al:11a,
  author = 	 {Lior Meister and Oren Kurland and Inna Gelfer Kalmanovich},
  title = 	 {Re-ranking search results using an additional retrieved list},
  journal = 	 {Information Retrieval},
  year = 	 {2010},
  ee        = {http://dx.doi.org/10.1007/s10791-010-9150-8}
}

@TechReport{Metzler:05a,
  author = 	 {Donald Metzler},
  title = 	 {Direct maximization of rank-based metrics},
  institution =  {Center for Intelligent Information Retrieval, University of Massachusetts},
  year = 	 2005,
  number =	 {IR-338425}
}

@InProceedings{Metzler+al:05a,
  author = 	 {Donald Metzler and Fernando Diaz and Trevor Strohman and W. Bruce Croft},
  title = 	 {Using mixtures of relevance models for query expansion},
  booktitle =	 {Proceedings of {TREC}},
  year =	 2005
}

@InProceedings{Metzler+Croft:05a,
  author = 	 {Donald Metzler and W. Bruce Croft},
  title = 	 {A {Markov} random field model for term dependencies},
  booktitle =	 {Proceedings of SIGIR},
  pages = {472--479},
  year =	 2005 
}

@Article{Metzler+Croft:07a,
  author = 	 {Donald Metzler and W. Bruce Croft},
  title = 	 {Linear feature-based models for information retrieval},
  journal = 	 {Information Retrieval},
  year = 	 2007,
  volume =	 10,
  number =	 3,
  pages =	 {257--274}
}

@InProceedings{Miller+Leek+Schwarz:99a,
  author = 		  {David R. H.  Miller and Tim Leek and Richard M. Schwartz},
  title = 		  {A hidden {Markov} model information retrieval system},
  booktitle = 	  {Proceedings of SIGIR},
  pages =	 {214--221},
  year =	 1999
}


@InProceedings{Miller+Leek+Schwarz:99b,
  author = 		  {David R. H.  Miller and Tim Leek and Richard M. Schwartz},
  title = 		  {{BBN} at {TREC7}:{Using} Hidden Markov Models for Information Retrieval},
  booktitle = 	  {Proceedings of TREC},
  pages =	 {133--141},
  year =	 1998
}

@InProceedings{Mitra+al:97a,
  author =	 {Mandar Mitra and Chris Buckley and Amit Singhal, and
                  Claire Cardie},
  title =	 {An Analysis of Statistical and Syntactic Phrases},
  booktitle =	 {5TH RIAO Conference, Computer-Assisted Information
                  Searching On the Internet},
  year =	 1997
}



@InProceedings{Mitra+Singhal+Buckley:98a,
  author = 	 {Mandar Mitra and Amit Singhal and Chris Buckley},
  title = 	 {Improving Automatic Query Expansion},
  booktitle = 	 {Proceedings of SIGIR},
  pages =	 {206--214},
  year =	 1998
}

@InProceedings{Mittendorf+Schauble:94a,
  author = 	 {Elke Mittendorf and Peter Sch\"auble},
  title = 	 {Document and passage retrieval based on hidden {Markov} models},
  booktitle =	 {Proceedings of SIGIR},
  pages = "318--327",
  year =	 1994
}

@InProceedings{Montague+Aslam:02a,
  author =  {Mark Montague and Javed A. Aslam},
  title =  {Condorcet fusion for improved retrieval},
  booktitle = 	  {Proceedings of CIKM},
  pages =	 {538--548},
  year =	 2002,
}

@InProceedings{Montgomery+al:04a,
  author =  {Jesse Montgomery and Luo Si and Jamie Callan and David A. Evans},
  title =  {Effect of Varying Number of Documents in Blind Feedback, Analysis of the 2003 {NRRC} {RIA} workshop "bf\_numdocs" experiment suite},
  booktitle = 	  {Proceedings of SIGIR},
  pages =	 {476--477},
  year =	 2004,
  note =    {Poster}
}

@TechReport{Morgan+al:04a,
  author = 	 {William Morgan and Warren Greiff and John Henderson},
  title = 	 {Direct Maximization of Average Precision by Hill-Climbing, with a comparison to a Maximum Entropy Approach  },
  institution =  {The {MITRE} {Corporation}},
  year = 	 2004,
  number =	 {04-0367},
}

@InProceedings{Murdock+Croft:05a,
  author =  {Vanessa Murdock and W. Bruce Croft},
  title =  {A translation model for sentence retrieval},
  booktitle = 	  {Proceedings of HLT/EMNLP},
  pages =	 {684--695},
  year =	 2005,
}

@article{Na+al:07a,
  author    = {Seung-Hoon Na and In-Su Kang and Ji-Eun Roh and Jong-Hyeok Lee},
  title     = {An empirical study of query expansion and cluster-based
               retrieval in language modeling approach},
  journal   = {Information Processing and Management},
  volume    = {43},
  number    = {2},
  year      = {2007},
  pages     = {302-314}
}

@InProceedings{Na+al:08a,
  author = 	 {Seung-Hoon Na and In-Su Kang and Ye-Ha Lee and Jong-Hyeok Lee},
  title = 	 {Completely-arbitrary passage retrieval in language modeling approach},
  booktitle = 	 {Proceedings of the 4th Asia Information Retrieval Symposium {(AIRS)}},
  pages =	 {22--33},
  year =	 2008
}

@InProceedings{Na+al:08b,
  author = 	 {Seung-Hoon Na and In-Su Kang and Jong-Hyeok Lee},
  title = 	 {Structural re-ranking with cluster-based retrieval},
  booktitle = 	 {Proceedings of ECIR},
  pages =	 {658--662},
  year =	 2008
}

@InProceedings{Nallapati+Allan:02a,
  author =  {Ramesh Nallapati and James Allan},
  title =  {Capturing term dependencies using a language model bsed on sentence trees},
  booktitle = 	  {Proceedings of the 11th International Conference on Information and Knowledge Management (CIKM)},
  pages =	 {383--390},
  year =	 2002,
}

@InProceedings{Nallapati:04a,
  author =  {Ramesh Nallapati},
  title =  {Discriminative models for information retrieval},
  booktitle = 	  {Proceedings of SIGIR},
  pages =	 {64--71},
  year =	 2004,
}

@InProceedings{Ng:00a,
    author = {Kenney Ng},
    title = {A Maximum Likelihood Ratio Information Retrieval Model},
    booktitle =  {Proceedings of TREC},
    pages = {483--492},
    year = 2000,
    annote={NIST Special Publication 500-246}

}

@InProceedings{Ng+Zheng+Jordan:01a,
  author =  {Andrew Y. Ng and Alice X. Zheng and Michael I. Jordan},
  title =  {Stable algorithms for link analysis},
  booktitle = 	  {Proceedings of SIGIR},
  pages =	 {258--266},
  year =	 2001,
}

@InProceedings{Nigam+Lafferty+McCallum:99a,
  author = 	 {Kamal Nigam and John Lafferty and Andrew McCallum},
  title = 	 {Using Maximum Entropy for Text Classification},
  booktitle = 	 {IJCAI-99 Workshop on Machine Learning for Information Filtering},
  pages =	 {61--67},
  year =	 1999
}

@article{Nigam+al:00a,
    author = "Kamal Nigam and Andrew K. McCallum and Sebastian Thrun and Tom M. Mitchell",
    title = "Text Classification from Labeled and Unlabeled Documents using {EM}",
    journal = "Machine Learning",
    volume = "39",
    number = "2/3",
    pages = "103--134",
    year = "2000"
}



@PhdThesis{Noreault:79a,
  author = 	 {Terry Noreault},
  title = 	 {User Directed Relevance Feedback},
  school = 	 {Syracuse University},
  year = 	 1979
}




@Misc{Ogilvie:00a,
  author = 	  {Paul Ogilvie},
  title = 	  {Nearest neighbor smoothing of language models in {IR}},
  howpublished = {Unpublished},
  year = 	  {2000}
}

@InProceedings{Ogilvie+Callan:2001,
    author = {Paul Ogilvie and Jamie Callan},
    title = {Experiments Using the {LEMUR} Toolkit},
    booktitle =  {Proceedings of TREC},
    pages = {103--108},
    year = 2001,
    annote={NIST Special Publication 500-250}

}



@InProceedings{Ogilvie+Callan:03a,
  author =       {Paul Ogilvie and Jamie Callan},
  title =        {Combining document representations for known item search},
  booktitle =    {Proceedings of SIGIR},
  year =         2003,
  pages =        {143--150},
}

@InProceedings{Ogilvie+Callan:04a,
  author =       {Paul Ogilvie and Jamie Callan},
  title =        {Hierarchical language models for {XML} component retrieval},
  booktitle =    {Proceedings of INEX},
  year =         2004,
}

@inproceedings{Palmer+al:01a,
 author = {C. R. Palmer and J. Pesenty and R.E. Veldes-Perez and M.G. Christel and A. G. Hauptmann and D. Ng and H. D. Wactlar},
 title = {Demonstration of hierarchical document clustering of digital library retrieval results},
 booktitle = {Proceedings of the 1st ACM/IEEE-CS joint conference on digital libraries},
 year = {2001},
 pages = {451},
}

@Article{Papadimitriou+al:00a,
  author = 	 {Christos H. Papadimitriou and Prabhakar Raghavan and Hisao Tamaki and Santosh Vempala},
  title = 	 {{Latent Semantic Indexing}: A Probabilistic Analysis },
  journal = 	 {Journal of Computer and System Sciences},
  year = 	 2000,
  volume =	 61,
  number =	 2,
  pages =	 {217--235}
}


@inproceedings{Papineni:01a,
 author = {Kishore Papineni},
 title = {Why inverse document frequency?},
 booktitle = {Proceedings of the NAACL},
 year = {1995},
 pages = {1--8},
 OPTlocation = {Pittsburgh, Pennsylvania},
 OPTpublisher = {Association for Computational Linguistics},
 OPTaddress = {Morristown, NJ, USA},
 }



@Misc{Ponte:02a,
  author = 	 {Jay Michael Ponte},
  title = 	 {Is Information Retrieval Anything more than Smoothing ?},
  OPThowpublished = {},
  OPTmonth = 	 {},
  year = 	 {2001},
  OPTnote = 	 {},
  OPTannote = 	 {}
}

@PhdThesis{Ponte:98a,
  author =       {Jay Michael Ponte},
  title =        {Probabilistic Language Models for Topic Segmentation and Information Retrieval},
  school =       {University of Massachusetts, Amherst, Massachusetts},
  year =         1998
}

@InProceedings{Ponte+Croft:97a,
  author = 		  {Jay M. Ponte and W. Bruce Croft},
  title = 		  {Text segmentation by topic},
  booktitle = 	  {Proceedings of the European Conference on Research and Advanced Technology for Digital Libraries},
  pages =	 {113--125},
  year =	 1997
}

@InProceedings{Ponte+Croft:98a,
  author = 		  {Jay M. Ponte and W. Bruce Croft},
  title = 		  {A language modeling approach to information retrieval},
  booktitle = 	  {Proceedings of SIGIR},
  pages =	 {275--281},
  year =	 1998
}



@Article{Porter:80a,
  author = {Martin F. Porter},
  title = {An algorithm for suffix stripping},
  journal = {Program },
  year = 1980,
  volume = 14,
  number = 3,
  pages = {130--137},
  note =	 {Reprinted in Karen Sparck Jones and Peter Willett, eds., {\em Readings in Information Retrieval}, Morgan Kaufmann, 1997.}
}

@InProceedings{Preece:73a,
  author = 		  {Scott E. Preece},
  title = 		  {Clustering as an output option},
  booktitle = 	  {Proceedings of the American Society for Information Science},
  pages =	 {189--190},
  year =	 1973
}


@InProceedings{Richardson+Domingos:01a,
  author =     {Matthew Richardson and Pedro Domingos},
  title =      {The Intelligent Surfer: Probabilistic Combination of Link and Content Information in {P}age{R}ank},
  booktitle = 	  {NIPS},
  pages =	 {1441--1448},
  year =	 {2001},
  ee        = {http://www-2.cs.cmu.edu/Groups/NIPS/NIPS2001/papers/psgz/AP17.ps.gz},
  bibsource = {DBLP, http://dblp.uni-trier.de}

}

@inproceedings{Radlinski+al:08a,
  author    = {Filip Radlinski and
               Robert Kleinberg and
               Thorsten Joachims},
  title     = {Learning diverse rankings with multi-armed bandits},
  booktitle = {ICML},
  year      = {2008},
  pages     = {784-791}
}

@inproceedings{Robertson:93a,
  author    = {Stephen E. Robertson and
               Steve Walker and
               Susan Jones and
               Micheline Hancock-Beaulieu and
               Mike Gatford},
  title     = {Okapi at TREC-3},
  booktitle = {Proceedings of {TREC}},
  year      = {1994}
}


@Article{Robertson:04a,
  author = 	 {Stephen E. Robertson},
  title = 	 {Understanding inverse document frequency: On theoretical arguments for {IDF}},
  journal = 	 {Journal of Documentation},
  year = 	 2004,
  volume =	 60,
  number =	 5,
  pages =	 {503--520}
}




@Article{Robertson:74a,
  author = 	 {Stephen E. Robertson},
  title = 	 {Specificity and weighted retrieval},
  journal = 	 {Journal of Documentation},
  year = 	 1974,
  volume =	 30,
  number =	 1,
  pages =	 {41--46}
}


@Article{Robertson:77a,
  author = 	 {Stephen E. Robertson},
  title = 	 {The Probability Ranking Principle in {IR}},
  journal = 	 {Journal of Documentation},
  year = 	 1977,
  pages =	 {294--304},
  note =	 {Reprinted in  K. Sparck Jones and P. Willett (eds), {\it Readings in Information Retrieval}, pp. 281--286, 1997}
}

@article{Robertson+SparckJones:76a,
    author = "Stephen E. Robertson and Karen {Sp\"arck Jones}",
    title = "Relevance weighting of search terms",
    journal = "Journal of the American Society for Information Science",
    volume = "27",
    number = "3",
    pages = "129--146",
    year = "1976"
} 


@inproceedings{Robertson+Walker:94a,
 author = {Stephen E. Robertson and Steve Walker},
 title = {Some simple effective approximations to the {2-Poisson} model for probabilistic weighted retrieval},
 booktitle = {Proceedings of SIGIR},
 year = {1994},
 isbn = {0-387-19889-X},
 pages = {232--241},
 OPTlocation = {Dublin, Ireland},
 OPTpublisher = {Springer-Verlag New York, Inc.},
 OPTaddress = {New York, NY, USA},
 }

@inproceedings{Robertson+Walker:97a,
 author = {Stephen E. Robertson and Steve Walker},
 title = {On relevance weights with little relevance information},
 booktitle = {Proceedings of SIGIR},
 year = {1997},
 isbn = {0-89791-836-3},
 pages = {16--24},
 location = {Philadelphia, Pennsylvania, United States},
 doi = {http://doi.acm.org/10.1145/258525.258529},
 publisher = {ACM Press},
 address = {New York, NY, USA},
 }

@InCollection{Rocchio:71a,
  author =	 {Joseph John Rocchio},
  title =	 {Relevance Feedback in Information Retrieval},
  crossref =     {Salton:71b},
  pages =         {313--323}
}

@inproceedings{Roelleke:03a,
 author = {Thomas Roelleke},
 title = {A frequency-based and a poisson-based definition of the probability of being informative},
 booktitle = {Proceedings of SIGIR},
 year = {2003},
 isbn = {1-58113-646-3},
 pages = {227--234},
 OPTlocation = {Toronto, Canada},
 OPTdoi = {http://doi.acm.org/10.1145/860435.860478},
 OPTpublisher = {ACM Press},
 OPTaddress = {New York, NY, USA},
 }


@Article{Ruthven+Lalmas:03a,
  author = 	 {Ian Ruthven and Mounia Lalmas},
  title = 	 {A survey on the use of relevance feedback for information access systems},
  journal = 	 {Knowledge Engineering Review},
  year = 	 2003,
  volume =	 18,
  number =	 2,
  pages =	 {95--145}
}

@Article{Sakai+al:05a,
  author = {Tetsuya Sakai and Toshihiko Manabe and Makoto Koyama},
  title = {Flexible pseudo-relevance feedback via selective sampling},
  journal = {{ACM} Transactions on Asian Language Information Processing},
  year = 2005,
  volume = 4,
  number = 2,
  pages = {111--135},

}

@Book{Salton:68a,
  author =	 "Gerard Salton",
  title =	 "Automatic Information Organization and Retrieval",
  publisher =	 "McGraw-Hill",
  year =	 1968,
  series =	 "McGraw-Hill computer science series",
  address =	 "New York"
}


@InCollection{Salton:71a,
  author = 	 {Gerard Salton},
  title = 	 {Cluster search strategies and the optimization of retrieval effectiveness},
  crossref = {Salton:71b},
  pages =	 {223--242}
}



@Book{Salton:71b,
  editor =	 {Gerard Salton},
  booktitle = 	 {The {SMART} Retrieval System: Experiments in Automatic Document Processing},
  publisher = 	 {Prentice Hall},
  year = 	 1971
}

@Article{Salton+al:75a,
author = 	 {Jerard Salton and Anita Wong and Chung Shu Yang},
  title = 	 {A vector space model for automatic indexing},
  journal = 	 {Communications of the ACM},
  year = 	 1975,
  volume =	 18,
  number =	 11,
  pages =	 {613--620}

}

@InProceedings{Salton+al:93a,
  author = 	 {Gerard Salton and James Allan and Chris Buckley},
  title = 	 {Approaches to passage retrieval in full text information systems},
  booktitle = 	 {Proceedings of SIGIR},
  pages =	 {49--58},
  year =	 1993
}


@Book{Salton+McGill:83a,
  author =	 {Gerard Salton and Michael J. McGill},
  title = 	 {Introduction to Modern Information Retrieval},
  publisher = 	 {McGraw-Hill},
  year = 	 1983,
  address =	 {New York}
}

@InProceedings{Salton+Buckley:88a,
  author = 	 {Gerard Salton and Chris Buckley},
  title = 	 {On the use of spreading activation methods in automatic information retrieval},
  booktitle = 	 {Proceedings of SIGIR},
  pages =	 {147--160},
  year =	 1988
}

@inproceedings{Salton+Buckley:91a,
 author = {Gerard Salton and Chris Buckley},
 title = {Automatic text structuring and retrieval-experiments in automatic encyclopedia searching},
 booktitle = {Proceedings of  SIGIR},
 year = {1991},
 pages = {21--30},
}

@Article {Salton+Buckley:90a,
  author    = {Gerard Salton and Chris Buckley},
  title     = {Improving retrieval performance by relevance feedback},
  journal   = {Journal of the American Society for Information Science (JASIS)},
  volume    = {41},
  number    = {4},
  year      = {1990},
  pages     = {288--297}
}

@InProceedings{Sanderson:04a,
  author = 	 {Mark Sanderson},
  title = 	 {Word sense disambiguation and information retrieval},
  booktitle = 	 {Proceedings of SIGIR},
  pages =	 {142--151},
  year =	 1994
}

@InProceedings{Sanderson+Joho:04a,
  author = 	 {Mark Sanderson and Hideo Joho},
  title = 	 {Forming test collections with no system pooling},
  booktitle = 	 {Proceedings of SIGIR},
  pages =	 {33--40},
  year =	 2004
}


@InProceedings{Sanderson+Zobel:05a,
  author = 	 {Mark Sanderson and Justin Zobel},
  title = 	 {Information retrieval system evaluation: Effort, sensitivity and reliability},
  booktitle = 	 {Proceedings of SIGIR},
  pages =	 {162--169},
  year =	 2005
}

@inproceedings{Santos+al:10a,
  author    = {Rodrygo L. T. Santos and
               Craig Macdonald and
               Iadh Ounis},
  title     = {Exploiting query reformulations for web search result diversification},
  booktitle = {Proceedings of WWW},
  year      = {2010},
  pages     = {881-890}
}

@Article{Schapire+Singer:00a,
  author = 	 {Robert E. Schapire and Yoram Singer},
  title = 	 {{BoosTexter}: A boosting-based system for text categorization},
  journal = 	 {Machine Learning},
  year = 	 2000,
  volume =	 39,
  number =	 {2/3},
  pages =	 {135--168}
}

@inproceedings{Seo+Croft:10a,
  author    = {Jangwon Seo and
               W. Bruce Croft},
  title     = {Geometric representations for multiple documents},
  booktitle = {Proceedings of SIGIR},
  year      = {2010},
  pages     = {251-258}
}

@MastersThesis{Selvadurai:07a,
  author = 	 {Santthosh Babu Selvadurai},
  title = 	 {Implementing a metasearch framework with content-directed result merging},
  school = 	 {North Carolina State University},
  year = 	 {2007},
  OPTkey = 	 {},
  OPTtype = 	 {},
  OPTaddress = 	 {},
  OPTmonth = 	 {},
  OPTnote = 	 {},
  OPTannote = 	 {}
}



@InProceedings{Shah+Croft:04a,
  author = 	 {Chirag Shah and W. Bruce Croft},
  title = 	 {Evaluating High Accuracy Retrieval Techniques},
  booktitle = 	 {Proceedings of SIGIR},
  pages =	 {2--9},
  year =	 2004
}

@InProceedings{Shanahan+al:03a,
    author = {James G. Shanahan and Jeffrey Bennett and David A. Evans and David A. Hull and Jesse Montgomery},
    title = {Clairvoyance {C}orporation experiments in the {TREC} 2003. {H}igh accuracy retrieval from documents ({HARD}) track},
    booktitle =  {Proceedings of {TREC}},
    pages = {152--160},
    year = 2003
}

@inproceedings{Shokouhi+al:09a,
  author    = {Milad Shokouhi and
               Leif Azzopardi and
               Paul Thomas},
  title     = {Effective query expansion for federated search},
  booktitle = {Proceedings of SIGIR},
  year      = {2009},
  pages     = {427-434}
}

@inproceedings{Shen+Zhai:05a,
 author = {Xuehua Shen and ChengXiang Zhai},
 title = {Active feedback in ad hoc information retrieval},
 booktitle = {Proceedings of  SIGIR},
 year = {2005},
 pages = {59--66}
 }

@inproceedings{Shtok+al:09a,
 author = {Anna Shtok and Oren Kurland and David Carmel},
 title = {Predicting query performance by query-drift estimation},
 booktitle = {Proceedings of ICTIR},
 year = {2009},
 pages = {305--312}
 }

@inproceedings{Shtok+al:10a,
 author = {Anna Shtok and Oren Kurland and David Carmel},
 title = {Using statistical decision theory and relevance models for query-performance prediction},
 booktitle = {Proceedings of SIGIR},
 year = {2010}
}

@InProceedings{Si+al:02a,
  author = 		  {Luo Si and Rong Jin and Jamie Callan and Paul Ogilvie},
  title = 		  {A Language Modeling Framework for Resource Selection and Results Merging},
  booktitle = 	  {Proceedings of CIKM},
  pages =	 {391--397},
  year =	 2002
}


@InProceedings {Sigurbjornsson+Kamps:05a,
   author    = {B{\"o}rkur Sigurbj{\"o}rnsson and
               Jaap Kamps},
   title = {The Effect of Structured Queries and Selective Indexing
               on {XML} Retrieval},
   booktitle = {Proceedings of INEX},
   year = 2005,
   pages = {104--118}
}
   



@Article{Singhal:01a,
  author = 	 {Amit Singhal},
  title = 	 {Modern information retrieval: A brief overview},
  journal = 	 {{IEEE} Data Engineering Bulletin},
  year = 	 2001,
  pages = 	 {35--43},
  annote =	 {Typo in the BM25 formula}
}



@InProceedings{Singhal+Buckley+Mitra:96a,
  author = 	 {Amit Singhal  and Chris Buckley and Mandar Mitra},
  title = 	 {Pivoted Document Length Normalization},
  booktitle = 	 {Proceedings of SIGIR},
  pages =	 {21--29},
  year =	 1996
}

@Article{Singhal+al:96a,
  author = 	 {Amit Singhal and Gerard Salton and Mandar Mitra and Chris Buckley},
  title = 	 {Document Length Normalization},
  journal = 	 {Information Processing and Management},
  year = 	 1996,
  volume =	 32,
  number =	 5,
  pages =	 {619--633}
}

@InProceedings{Singhal+Pereira:99a,
  author = 	 {Amit Singhal and Fernando Pereira},
  title = 	 {Document expansion for speech retrieval},
  booktitle = 	 {Proceedings of SIGIR},
  pages =	 {34--41},
  year =	 1999
}

@inproceedings{Singhal+Kaszkiel:01a,
  author    = {Amit Singhal and
               Marcin Kaszkiel},
  title     = {A case study in web search using {TREC} algorithms},
  booktitle = {Proceedings of WWW},
  year      = {2001},
  pages     = {708-716}
}

@inproceedings{Slonim+Tishby:00a,
 author = {Noam Slonim and Naftali Tishby},
 title = {Document clustering using word clusters via the information bottleneck method},
 booktitle = {Proceedings of the 23rd Annual International ACM SIGIR conference on Research and Development in Information Retrieval},
 year = {2000},
 pages = {208--215}
 }


@InProceedings{Slonim+Tishby:01a,
  author = 	 {Noam Slonim and Naftali Tishby},
  title = 	 {The Power of Word Clusters for Text Classification},
  booktitle = 	 {Twenty-third European Colloquium on Information Retrieval Research (ECIR)},
  year =	 2001
}

@inproceedings{Soboroff:04a,
  author    = {Ian Soboroff},
  title     = {On evaluating web search with very few relevant documents},
  booktitle = {Proceedings of SIGIR},
  year      = {2004},
  pages     = {530--531}
}

@inproceedings{Soboroff:07a,
  author    = {Ian Soboroff},
  title     = {A comparison of pooled and sampled relevance judgments},
  booktitle = {Proceedings of SIGIR},
  year      = {2007},
  pages     = {785--786}
}

@inproceedings{Soboroff+al:01a,
  author    = {Ian Soboroff and Charles K. Nicholas and Patrick Cahan},
  title     = {Ranking Retrieval Systems without Relevance Judgments},
  booktitle = {Proceedings of SIGIR},
  year      = {2001},
  pages     = {66-73}
}


@InProceedings{Soskin+al:09a,
  author    = {Natali Soskin and
               Oren Kurland and
               Carmel Domshlak},
  title     = {Navigating in the Dark: Modeling Uncertainty in Ad Hoc Retrieval
               Using Multiple Relevance Models},
  booktitle = {ICTIR},
  year      = {2009},
  pages     = {79-91}
}

@InProceedings{Soboroff+Robertson:03a,
  author = 	 {Ian Soboroff and Stephen E. Robertson},
  title = 	 {Building a filtering test collection for {TREC} 2002},
  booktitle = 	 {Proceedings of SIGIR},
  pages =	 {243--250},
  year =	 2003
}

@InProceedings{Song+Croft:99a,
  author = 		  {Fei Song and W. Bruce Croft},
  title = 		  {A general language model for information retrieval},
  booktitle = 	  {Proceedings of SIGIR},
  pages =	 {279--280},
  year =	 1999
}

@Article{Sracevic+Kantor:88a,
  author = 	 {Tefko Saracevic and Paul Kantor},
  title = 	 {A study of information seeking and retrieving. III. Searchers, searches, and overlap},
  journal = 	 {Journal of the American Society for Information Science},
  year = 	 1988,
  volume =	 39,
  number =	 3,
  pages =	 {197--216}
}

@inproceedings{Srikanth+Srihari:02a,
 author = {Munirathnam Srikanth and Rohini Srihari},
 title = {Biterm language models for document retrieval},
 booktitle = {Proceedings  SIGIR},
 year = {2004},
 pages = {425--426},
 note={Poster}
 }



@Article{SparckJones:72a,
  author = 	 "Karen {Sp\"arck Jones}",
  title = 	 {A statistical interpretation of term specificity and its application in retrieval},
  journal = 	 {Journal of Documentation},
  year = 	 1972,
  volume =	 28,
  pages =	 {11--21}
}

@Book{SparckJones:71a,
  editor =	 {Karen {Sp\"arck Jones}},
  title = 	 {Automatic Keyword Classification for Information Retrieval},
  publisher = 	 {Buterworth},
  year = 	 1971,
}

@article{SparckJones+Walker+Robertson:00a,
    author = "Karen {Sparck Jones} and Steve Walker and Stephen E. Robertson",
    title = "A probabilistic model of information retrieval: development and comparative experiments - Part 1",
    journal = "Information Processing and Management",
    volume = "36",
    number = "6",
    pages = "779-808",
    year = "2000",
    annote={1998 techreport version online, see http://citeseer.nj.nec.com/jones98probabilistic.html}
} 

@InCollection{SparckJones+al:03a,
  author = 	 {Karen {Sparck Jones} and Stephen Robertson and Djoerd Hiemstra and Hugo Zaragoza},
  title = 	 {Language Modeling and Relevance},
  crossref =	 {Croft+Lafferty:03a},
  pages =	 {57--71}
}



@Article{SparckJones:04a,
  author = 	 {Karen {Sparck Jones}},
  title = 	 {{IDF} term weighting and {IR} research lessons},
  journal = 	 {Journal of Documentation},
  year = 	 2004,
  volume =	 60,
  number =	 5,
  pages =	 {521--523}
}

@Article{Spink+Jansen:04a,
  author = 	 {Amanda Spink and Bernard J. Jensen},
  title = 	 {A Study of Web Search Trends},
  journal = 	 {Webology},
  year = 	 2004,
  volume =	 1,
  number =	 2,
}

@InProceedings{Spitters+Kraaij:01a,
  author = 		  {Martijen Spitters and Wessel Kraaij},
  title = 		  {{TNO} at {TDT2001}: Language Model-Based Topic Detection},
  booktitle = 	  {Topic Detection and Tracking {TDT} Workshop},
  year =	 2001
}

@Article{Story:96a, 
  author =       {Roger E. Story}, 
  title =        {An Explanation of the Effectiveness of {Latent Semantic Indexing} 
              by means of a {Bayesian} Regression Model},
  journal   = {Information Processing \& Management},
  year =         1996,
  volume = 32,
  number = 3, 
  pages =        {329--344}
}

@inproceedings{Takamura+Matsumoto:02a,
   author     = "Hiroya Takamura and Yuji Matsumoto",
   title      = "Two-dimensional clustering for text categorization",
   booktitle  = "Proceedings of CoNLL-2002",
  pages      = "29--35",
   year       = "2002"
}

@InProceedings{Tao+al:05a,
  author =  {Tao Tao and Xuanhui Wang and Qiaozhu Mei and ChengXiang Zhai},
  title =    {Accurate language model estimation with document expansion},
  booktitle = 	  {Proceedings of the Fourteenth International Conference on Information and Knowledge Management (CIKM)},
  pages = "273--274",
  year =	 2005,
  note = {Poster}
}

@InProceedings{Tao+al:06a,
  author =  {Tao Tao and Xuanhui Wang and Qiaozhu Mei and ChengXiang Zhai},
  title =    {Language model information retrieval with document expansion},
  booktitle = 	  {Proceedings of HLT/NAACL},
  pages = {407--414},
  year =	 2006,
}


@inproceedings{Tao+Zhai:04a,
 author = {Tao Tao and ChengXiang Zhai},
 title = {A two-stage mixture model for pseudo feedback},
 booktitle = {Proceedings of the 27th SIGIR},
 year = {2004},
 pages = {486--487},
 note={Poster}
 }


@inproceedings{Teevan+al:08a,
  author    = {Jaime Teevan and
               Susan T. Dumais and
               Daniel J. Liebling},
  title     = {To personalize or not to personalize: modeling queries with
               variation in user intent},
  booktitle = {Proceedgins of SIGIR},
  year      = {2008},
  pages     = {163-170}
}

@InProceedings{Tao+Zhai:04b,
  author = 	 {Tao Tao and ChengXiang Zhai},
  title = 	 {A mixture clustering model for pseudo feedback in information retrieval},
  booktitle = 	 { Proceedings of the International Federation of Classification Societies (IFCS)},
  year =	 2004,
  note =	 {Invited paper}
}

@InProceedings{Tao+Zhai:06a,
  author = 	 {Tao Tao and ChengXiang Zhai},
  title = 	 {Regularized esitmation of mixture models for robust pseudo-relevance feedback},
  booktitle = 	 {Proceedings of SIGIR},
  pages =        {162--169},
  year =	 2006
}

@Article{Thompson:90a,
  author = 	 {Paul Thompson},
  title = 	 {A combination of expert opinion approach to probabilistic information retrieval, part1: the conceptual model},
  journal = 	 {Information Processing and Management},
  year = 	 {1990},
  volume =	 {26},
  number =	 {3},
  pages =	 {371--382}
}

@Article{Thompson:90b,
  author = 	 {Paul Thompson},
  title = 	 {A combination of expert opinion approach to probabilistic information retrieval, part2: mathematical treatment of CEO model 3},
  journal = 	 {Information Processing and Management},
  year = 	 1990,
  volume =	 26,
  number =	 3,
  pages =	 {383--394}
}

@InProceedings{Collins-Thompson+al:04a,
  author = 	 {Kevyn Collins-Thompson and Jamie Callan and Egidio Terra and Charles L.A. Clarke},
  title = 	 {The Effect of Document Retrieval Quality on Factoid Question Answering Performance},
  booktitle = 	 {Proceedings of SIGIR},
  pages =	 {574--575},
  year =	 2004,
  note =         {Poster}
}


@InProceedings{Collins-Thompson+Callan:05a,
  author = 	 {Kevyn Collins-Thompson and Jamie Callan},
  title = 	 {Query Expansion Using Random Walk Models},
  booktitle = 	  {Proceedings of the fourteenth International Conference on Information and Knowledge Management (CIKM)},
  pages = {704--711},
  year =	 2005
}

@InProceedings{Collins-Thompson+Callan:07a,
  author = 	 {Kevyn Collins-Thompson and Jamie Callan},
  title = 	 {Estimation and use of uncertainty in pseudo-relevance feedback},
  booktitle = 	  {Proceedings of SIGIR},
  pages = {303--310},
  year =	 2007
}

@Inproceedings{Collins-Thompson:09a,
  author    = {Kevyn Collins-Thompson},
  title     = {Reducing the risk of query expansion via robust constrained
               optimization},
  booktitle = {CIKM},
  year      = {2009},
  pages     = {837-846}
}

@InCollection{Teahan+Harper:03a,
  author = 	 {Willaim J. Teahan and David J. Harper},
  title = 	 {Using Compression-Based Language Models for Text Categorization},
  crossref =	 {Croft+Lafferty:03a},
  pages =	 {141--165}
}

@inproceedings{Terra+Warren:05a,
  author    = {Egidio L. Terra and
               Robert Warren},
  title     = {Poison pills: harmful relevant documents in feedback},
  booktitle = {Proceedgins of CIKM},
  year      = {2005},
  pages     = {319-320}
}

@PhdThesis{Tombros:02a,
author = {Anastasios Tombros},
title = {The effectiveness of hierarchic query-based clustering of documents for information retrieval},
school = {Department of Computing Science, University of Glasgow},
year = 2002
}

@Article{Tombros+Villa+Rijsbergen:02a,
  author = 	 {Anastasios Tombros and Robert Villa and C.J. van Rijsbergen},
  title = 	 {The Effectiveness of Query-Specific Hierarchic Clustering in Information Retrieval},
  journal = 	 {Information Processing and Management},
  year = 	 2002,
  volume =	 38,
  number =	 4,
  pages =	 {559--582}
}

@InProceedings{Treeratpituk+Callan:06a,
  author = 		  {Pucktada Treeratpituk and Jamie Callan},
  title = 		  {Automatically labeling hierarchical clusters},
  booktitle = 	  {Proceedings of the sixth national conference on digital government research},
  pages =	 {167--176},
  year =	 2006
}


@InProceedings{Turtle+Croft:90a,
  author = 	 {Howard R. Turtle and W. Bruce Croft},
  title = 	 {Inference networks for document retrieval},
  booktitle = {Proceedings of SIGIR},
  pages = {1--24},
  year = 	 1990

}

@Article{Turtle+Croft:91a,
  author = 	 {Howard R. Turtle and W. Bruce Croft},
  title = 	 {Evaluation of an Inference Network-Based Retrieval Model},
  journal = 	 {{ACM} Transactions on Information Systems  },
  year = 	 1991,
  volume =	 9,
  number =	 3,
  pages =	 {187--222}
}

@InProceedings{Cronen-Townsend+al:02a,
  author = 		  {Steve Cronen-Townsend and Yun Zhou and W. Bruce Croft},
  title = 		  {Predicting query performance},
  booktitle = 	  {Proceedings of SIGIR},
  pages ="299--306",
  year={2002}
}

@Book{vanRijsbergen:79a,
  author =	 {C. J. van Rijsbergen},
  title = 	 {Information Retrieval},
  publisher = 	 {Butterworths},
  year = 	 1979,
  edition =	 {second}
}

@Article{vanRijsbergen:86a,
  author = 	 {C. J. van Rijsbergen},
  title = 	 {A non-classical logic for information retrieval},
  journal = 	 {The computer jounral},
  year = 	 1986,
  volume =	 29,
  number =	 6,
  pages =	 {481--485}
}


@InCollection{vanRijsbergen:05a,
  author = 	 {C. J. (Keith) van Rijsbergen},
  title = 	 {The emergence of probabilistic accounts of information retrieval},
  booktitle = 	 {Charting a New Course:  Natural Language Processing and Information Retrieval:  Essays in Honour of Karen Sp\"arck Jones},
  pages =	 {23--38},
  publisher =	 {Springer},
  year =	 2005
}

@inproceedings{Velez+al:96,
  author =	 "Bienvenido V{\'e}lez and Ron Weiss and Mark
                  A. Sheldon and David K. Gifford",
  title =	 "Fast and Effective Query Refinement",
  booktitle =	 {SIGIR},
  year =	 1997,
}

@inproceedings{Vinay+al:06a,
  author    = {Vishwa Vinay and
               Ingemar J. Cox and
               Natasa Milic-Frayling and
               Kenneth R. Wood},
  title     = {On ranking the effectiveness of searches},
  booktitle = {Proceedings of SIGIR},
  year      = {2006},
  pages     = {398-404}
}

@Article{Vogt+Cottrell:99a,
  author = 	 {Christopher C. Vogt ant Garrison W. Cottrell},
  title = 	 {Fusion via linear combination of scores},
  journal = 	 {Information Retrieval},
  year = 	 1999,
  volume =	 1,
  number =	 3,
  pages =	 {151--173}
}

@InProceedings{Voorhees:85a,
  author = 		  {Ellen M. Voorhees},
  title = 		  {The cluster hypothesis revisited},
  booktitle = 	  {Proceedings of SIGIR},
  pages ="188--196",
  year={1985}
}

@InProceedings{Voorhees:86a,
  author = 		  {Ellen M. Voorhees},
  title = 		  {The efficiency of Inverted Index and Cluster Searches},
  booktitle = 	  {Proceedings of SIGIR},
  pages ="164-174",
  year={1986}
}

@InProceedings{Voorhees:93a,
  author = 		  {Ellen M. Voorhees},
  title = 		  {Using {W}ord{N}et to disambiguate word senses for text retrieval},
  booktitle = 	  {Proceedings of SIGIR},
  pages = "171--180",
  year= {1993}
}

@Article{Voorhees:00a,
  author = 	 {Ellen M. Voorhees},
  title = 	 {Variations in relevance judgments and the measure of retrieval effectiveness},
  journal = 	 {Information Processing and Management},
  year = 	 2000,
  volume =	 36,
  number =	 5,
  pages =	 {697--716}
}

@InProceedings{Voorhees:02a,
  author = 		  {Ellen M. Voorhees},
  title = 		  {Overview of the {TREC} 2002 question answering track},
  booktitle = 	  {Proceedings of {TREC}},
  pages ="115--123",
  year={2002}
}

@inproceedings{Voorhees:04a,
    author = {Ellen M. Voorhees},
    title  = {Overview of the {TREC 2004 Robust Retrieval Track}},
    booktitle =	 "Proc. of {TREC}",
  year =	 "2004"
}

@InProceedings{Voorhees:05a,
  author = 		  {Ellen M. Voorhees},
  title = 		  {Overview of the {TREC} 2005 Robust Retrieval Task},
  booktitle = 	  {Proceedings of {TREC}},
  year={2005}
}




@Book{Voorhees+Harman:05a,
  author =	 "Ellen M. Voorhees and Donna K. Harman",
  title =	 "{TREC}: {E}xperiments and evaluation in information retrieval",
  publisher =	 "The {MIT} {P}ress",
  year =	 2005
}


@inproceedings{Warren+Liu:04a,
  author    = {Robert H. Warren and
               Ting Liu},
  title     = {A review of relevance feedback experiments at the 2003 reliable
               information access (RIA) workshop},
  booktitle = {Proceedings of SIGIR},
  year      = {2004},
  pages     = {570-571}
}

@Article{Wong+al:01a,
  author = 	 {Kam-Fai Wong and Dawei Song and Peter Bruza and Chun-Hung Cheng},
  title = 	 {Application of aboutness to functional benchmarking in information retrieval},
  journal = 	 {ACM Transactions on Information Systems},
  year = 	 2001,
  volume =	 19,
  number =	 4,
  pages =	 {337--370}
}

@InProceedings{Wilkinson:94a,
  author = 		  {Ross Wilkinson},
  title = 		  {Effective retrieval of structured documents},
  booktitle = 	  {Proceedings of SIGIR},
  pages =  {311-317},
  year={1994}
}

@Article{Willett:85a,
  author = 	 {Peter Willett},
  title = 	 {Query Specific automatic document classification},
  journal = 	 {International Forum on Information and Documentation},
  year = 	 1985,
  volume =	 10,
  number =	 2,
  pages =	 {28--32}
}

@Article{Willett:88a,
  author = 	 {Peter Willett},
  title = 	 {Recent trends in hierarchical document clustering: A critical review},
  journal = 	 {Information Processing and Management},
  year = 	 1988,
  volume =	 24,
  number =	 5,
  pages =	 {577--97}
}

@Article{Wong+Yao:95a,
  author = 	 {S.K.M. Wong and Y.Y. Yao},
  title = 	 {On modelling information retrieval with probabilistic inference},
  journal = 	 {ACM Transactions on Information Systems},
  year = 	 1995,
  volume =	 13,
  number =	 1,
  pages =	 {38--68}
}

@techreport{Wong+Yao:89a,
 author = {S. K. M. Wong and Y. Y. Yao},
 title = {A Note on Inverse Document Frequency Weighting Scheme [sic]},
 year = {1989},
 number={TR-89-990},
 source = {http://www.ncstrl.org:8900/ncstrl/servlet/search?formname=detail\&id=oai%3Ancstrlh%3Acornellcs%3ACORNELLCS%3ATR89-990},
 institution = {Cornell University},
 address = {Ithaca, NY, USA},
 }

@InProceedings{Xu+Croft:96a,
  author = 		  {Jinxi Xu and W. Bruce Croft},
  title = 		  {Query Expansion using Local and Global Document Analysis},
  booktitle = 	  {Proceedings of SIGIR},
  pages =	 {4--11},
  year =	 1996
}

@InProceedings{Xu+Croft:99a,
  author = 		  {Jinxi Xu and W. Bruce Croft},
  title = 		  {Cluster-based Language Models For Distributed Retrieval},
  booktitle = 	  {Proceedings of SIGIR},
  pages =	 {254--261},
  year =	 1999
}

@Article{Xu+Croft:00a,
  author = 	 {Jinxi Xu and W. Bruce Croft},
  title = 	 {Improving the effectiveness of information retrieval with local context analysis},
  journal = 	 {{ACM} Transactions on Information Systems},
  year = 	 2000,
  volume =	 18,
  number =	 1,
  pages =	 {79--112}
}

@InProceedings{Xu+Umemura:04a,
  author = 		  {Yinghui Xu and Kyoji Umemura},
  title = 		  {A Unified Model of Literal Mining and Link Analysis for Ranking Web Resources},
  booktitle = 	  {Proceedings of SIGIR},
  pages =	 {546--547},
  year =	 2004,
  note =         {Poster}
}


@InProceedings{Yang+Liu:99a,
  author = 	 {Yiming Yang and Xin Liu},
  title = 	 {A re-examination of text categorization methods},
  booktitle = 	 {Proceedings of the 22nd Annual SIGIR},
  pages =	 {42--49},
  year =	 1999
}

@InProceedings{Yang+al:06a,
  author = 	 {Linpeng Yang and Donghong Ji and Guodong Zhou and Yu Nie and Guozheng Xiao},
  title = 	 {Document re-ranking using cluster validation and label propagation},
  booktitle = 	 {Proceedings of CIKM},
  pages =	 {690--697},
  year =	 2006
}

@InProceedings{Yom-Tov+al:05a,
  author = 	 {Elad Yom-Tov and Shai Fine and David Carmel and Adam Darlow},
  title = 	 {Learning to estimate query difficulty: including applications to missing content detection and distributed information retrieval},
  booktitle = 	 {Proceedings of SIGIR},
  pages =	 {512--519},
  year =	 2005
}

@TechReport{Wade+Allan:05a,
  author = 		  {Courtney Wade and James Allan},
  title = 		  {Passage retrieval and evaluation},
  institution =  {Center for Intelligent Information Retrieval (CIIR), University of Massachusetts},
  year = 		  2005,
  number = 	  {IR-396}
}

@Article{Wan+al:08a,
  author = 	 {Xiaojun Wan and Jianwu Yang and Jianguo Xiao},
  title = 	 {Towards a unified approach to document similarity search using manifold-ranking of blocks},
  journal = 	 {Information Processing and Management},
  year = 	 2008,
  volume =	 44,
  number =	 3,
  pages =	 {1032--1048}
}

@InProceedings {Wang+Si:08a,
author = {Mengqiu Wang and Luo Si},
title = {Discriminative probabilistic models for passage based retrieval},
booktitle = {Proceedings of SIGIR},
year = 2008,
pages = {419--426}
}

@InProceedings{Wei+Croft:06a,
  author = 		  {Xing Wei and W. Bruce Croft},
  title = 		  {{LDA}-Based document models for Ad-hoc retrieval},
  booktitle = 	  {Proceedings of SIGIR},
  pages = {178--185},
  year =	 2006
}

@InProceedings{Winaver+al:07a,
  author = 		  {Mattan Winaver and Oren Kurland and Carmel Domshlak},
  title = 		  {Towards robust query expansion: Model selection in the language model framework to retrieval},
  booktitle = 	  {Proceedings of SIGIR},
  pages = {729--730},
  year =	 2007
}

@inproceedings{Yang+al:07a,
  author    = {Haixuan Yang and
               Irwin King and
               Michael R. Lyu},
  title     = {DiffusionRank: a possible penicillin for web spamming},
  booktitle = {Proceedings of SIGIR},
  year      = {2007},
  pages     = {431-438}
}

@InProceedings{Yi+Allan:08a,
 author    = {Xing Yi and James Allan},
 title     = {Evaluating topic models for information retrieval},
 booktitle = {Proceedings of CIKM},
 year      = {2008},
 pages     = {1431-1432}
}


@inproceedings{Yu+al:07a,
  author    = {Yisong Yue and
               Thomas Finley and
               Filip Radlinski and
               Thorsten Joachims},
  title     = {A support vector method for optimizing average precision},
  booktitle = {Proceedings of SIGIR},
  year      = {2007},
  pages     = {271-278}
}

@article{Yu+Lam+Salton:82a,
 author = {Clement T. Yu and K. Lam and Gerard Salton},
 title = {Term Weighting in Information Retrieval Using the Term Precision Model},
 journal = {Journal of the ACM},
 volume = {29},
 number = {1},
 year = {1982},
 pages = {152--170},
}

@InProceedings{Zamir+Etzioni:98a,
  author = 		  {Oren Zamir and Oren Etzioni},
  title = 		  {Web document clustering: a feasibility demonstration},
  booktitle = 	  {Proceedings of SIGIR},
  pages ="46--54",
  year={1998}
}

@InProceedings{Zaragoza+Hiemstra+Tipping:03a,
  author = 	 {Hugo Zaragoza and Djoerd Hiemstra and Michael Tipping},
  title = 	 {Bayesian Extension to the Language Model for Ad Hoc Information Retrieval},
  booktitle =	 {Proceedings of SIGIR},
  pages =	 {4--9},
  year =	 2003
}

@article{Zhai:08a,
  author    = {ChengXiang Zhai},
  title     = {Statistical Language Models for Information Retrieval: A
               Critical Review},
  journal   = {Foundations and Trends in Information Retrieval},
  volume    = {2},
  number    = {3},
  year      = {2008},
  pages     = {137--213}
 }

@inproceedings{Zhai+al:03a,
  author    = {ChengXiang Zhai and
               William W. Cohen and
               John D. Lafferty},
  title     = {Beyond independent relevance: methods and evaluation metrics
               for subtopic retrieval},
  booktitle = {Proceedings of SIGIR},
  year      = {2003},
  pages     = {10-17}
}


@inproceedings{Zhai+Lafferty:01a,
    author = "Chengxiang Zhai and John D. Lafferty",
    title = "A Study of Smoothing Methods for Language Models Applied to Ad Hoc Information Retrieval",
    booktitle = "Proceedings of SIGIR",
    pages = "334--342",
    year = 2001
}


@inproceedings{Zhai+Lafferty:01b,
    author = "Chengxiang Zhai and John D. Lafferty",
    title = "Model-based Feedback in the Language Modeling Approach to Information Retrieval",
    booktitle = "{Proceedings of CIKM}",
    pages = "403--410",
    year = "2001"
}



@InProceedings{Zhai+Lafferty:02a,
  author = 	 "ChengXiang Zhai and John Lafferty",
  title = 	 {Two-stage language models for information retrieval},
  booktitle =	 {Proceedings of SIGIR},
  pages =	 {49--56},
  year =	 2002
}

@inproceedings{Zhang+al:05a,
 author = {Benyu Zhang and Hua Li and Yi Liu and Lei Ji and Wensi Xi and Weiguo Fan and Zheng Chen and Wei-Ying Ma},
 title = {Improving web search results using affinity graph},
 booktitle = {Proceedings of SIGIR},
 year = {2005},
 pages = {504--511}
 }

@InProceedings{Zhang+al:02a,
  author = 	 {Yi Zhang and Jamie Callan and Thomas Minka},
  title = 	 {Novelty and redundancy detection in adaptive filtering},
  booktitle = 	 {Proceedings of SIGIR},
  pages =	 {81--88},
  year =	 2002
}

@InProceedings{Zhang+Lee:04a,
  author = 	 {Dell Zhang and Wee Sun Lee},
  title = 	 {A language modeling approach to passage question answering},
  booktitle = 	 {Proceedings of {TREC}},
  pages =	 {489--495},
  year =	 2004
}

@Article{Zhai+Lafferty:05a,
  author = 	 {ChengXiang Zhai and John Lafferty},
  title = 	 {A risk minimization framework for information retrieval},
  journal = 	 {Information Processing and Management},
  year = 	 {2005?},
  note =	 {To appear}
}


@inproceedings{Zhu+al:07a,
  author    = {Xiaojin Zhu and
               Andrew B. Goldberg and
               Jurgen Van Gael and
               David Andrzejewski},
  title     = {Improving Diversity in Ranking using Absorbing Random Walks},
  booktitle = {HLT-NAACL},
  year      = {2007},
  pages     = {97-104}
}


@InProceedings{Zighelnic+Kurland:08a,
  author = 	 {Liron Zighelnic and Oren Kurland},
  title = 	 {Query-drift prevention for robust query expansion},
  booktitle = 	 {Proceedings of SIGIR},
  pages =	 {825--826},
  year =	 2008
}

@InProceedings{Zobel:98a,
  author = 	 {Justin Zobel},
  title = 	 {How reliable are the results of large-scale search engines?},
  booktitle = 	 {Proceedings of SIGIR},
  pages =	 {307--314},
  year =	 1998
}

@Article{Zobel+Moffat:98a,
  author = 	 {Justin Zobel and Alistair Moffat},
  title = 	 {Exploring the similarity space},
  journal = 	 {ACM SIGIR forum},
  year = 	 {1998},
  pages = {18--34},
  volume =	 18,
  number =	 1
}

@inproceedings{Zhou+Croft:05a,
  author    = {Yun Zhou and
               W. Bruce Croft},
  title     = {Document quality models for web ad hoc retrieval},
  booktitle = {Proceedings of CIKM},
  year      = {2005},
  pages     = {331-332}
}

@InProceedings{Zhou+Croft:06a,
  author = 	 {Yun Zhou and Bruce Croft},
  title = 	 {Ranking robustness: a novel framework to predict query performance},
  booktitle = 	 {Proc. of CIKM},
  pages =	 {567--574},
  year =	 2006
}

@InProceedings{Zhou+Croft:07a,
  author = 	 {Yun Zhou and Bruce Croft},
  title = 	 {Query performance prediction in web search environments},
  booktitle = 	 {Proceedings of SIGIR},
  pages =	 {543--550},
  year =	 2007
}

@inproceedings{Zhu+al:00a,
  author    = {Xiaolan Zhu and
               Susan Gauch},
  title     = {Incorporating quality metrics in centralized/distributed
               information retrieval on the World Wide Web},
  booktitle = {Proceedings of SIGIR},
  year      = {2000},
  pages     = {288-295}
}

@inproceedings{Gyongyi+Molina:05a,
  author    = {Zolt{\'a}n Gy{\"o}ngyi and
               Hector Garcia-Molina},
  title     = {Web Spam Taxonomy},
  booktitle = {Proceedings of AIRWeb 2005},
  year      = {2005},
  pages     = {39-47}
}

@inproceedings{Gyongyi+al:04a,
  author    = {Zolt{\'a}n Gy{\"o}ngyi and
               Hector Garcia-Molina and
               Jan O. Pedersen},
  title     = {Combating Web Spam with TrustRank},
  booktitle = {Proceedgins of VLDB},
  year      = {2004},
  pages     = {576-587}
}

@Misc{altavista,
  author =	 "{Digital Equipment Corporation}",
  title =	 "AltaVista Search: Main Page",
  howpublished = "{\tt http://www.altavista.digital.com/}",
  year =	 {1997}
}


@Misc{lemur,
  key = 		  {Lemur},
  title = 	  {The Lemur Toolkit for Language Modeling and Information Retrieval},
  howpublished = {http://www.cs.cmu.edu/$\sim$lemur}
}


@Misc{yahoo,
  author =	 "{Yahoo! {I}nc.}",
  title =	 "Yahoo!",
  howpublished = "{\tt http://www.yahoo.com/}",
  year =	 {1997}
}


@Proceedings{SIGIR97,
  title = 	 {Proceedings of the 20th Annual International ACM SIGIR Conference},
  year = 	 1997,
  editor =	 {Nicholas J. Belkin and A. Desai Narasimhalu and Peter Willett},
  publisher =	 {ACM Press}
}

@Proceedings{trec7,
  title = 	 {The Seventh Text REtrieval Conference (TREC-7)},
  year = 	 1998,
  editor =	 {Ellen M. Voorhees and Donna K. Harman},
  organization = {NIST}
}

@Proceedings{trec8,
  title = 	 {The Eighth Text REtrieval Conference (TREC-8)},
  year = 	 2000,
  editor =	 {Ellen M. Voorhees and Donna K. Harman},
  organization = {NIST}
}

@Proceedings{trec9,
  title = 	 {The Ninth Text REtrieval Conference (TREC-9)},
  year = 	 2001,
  editor =	 {Ellen M. Voorhees and Donna K. Harman},
  organization = {NIST}
}

@Proceedings{AIR,
  title = {Proceedings of the {AIRWeb} workshop:adversial information retrieval on the Web},
  year = {2005-2009}
}